
2017-01-23 14:40:22 Transfer 0x63210b888a6873d9839394860d8aa01e1bd6188185be3a02df104638fbe93a4b
    ; 0xeb843699e44fba46c5dbf1ac0ad6a21062f9b457  -10 ETH
    ; 0xeb3b9f824c8551a58a427aeaaa1044866bb5e28e   10 ETH
    0xeb843699e44fba46c5dbf1ac0ad6a21062f9b457  -10 ETH
    assets:worthalter.eth  10 ETH

2017-01-23 18:46:32 Transfer 0xf5b995cebb4cc1d96c9fc04edd6aab8807332f4d8c320638ba0a700909f624b7
    ; 0xeb3b9f824c8551a58a427aeaaa1044866bb5e28e  -0.05 ETH
    ; 0x377b309be7b42ad425cddaa6ce821efcfe94c947   0.05 ETH
    assets:worthalter.eth  -0.05 ETH
    0x377b309be7b42ad425cddaa6ce821efcfe94c947  0.05 ETH

2017-01-23 18:49:11 Transfer 0xf0dd92f7e1a05737b383ceab2e2c12586c5ee3ee3af5d5480d4b62d6eb35ae90
    ; 0x377b309be7b42ad425cddaa6ce821efcfe94c947  -0.046097374 ETH
    ; 0xeb3b9f824c8551a58a427aeaaa1044866bb5e28e   0.046097374 ETH
    0x377b309be7b42ad425cddaa6ce821efcfe94c947  -0.046097374 ETH
    assets:worthalter.eth  0.046097374 ETH

2017-01-24 23:00:38 Transfer 0xaac03b17319233b69260a273960a233fccba6c8ef5a4bea3da0ce804ca9c1991
    ; 0x510b070c80ae38d081a3e357aceabcc05c5853c5  -1290 ETH
    ; 0xeb3b9f824c8551a58a427aeaaa1044866bb5e28e   1290 ETH
    0x510b070c80ae38d081a3e357aceabcc05c5853c5  -1290 ETH
    assets:worthalter.eth  1290 ETH

2017-01-24 23:04:04 Transfer 0xa4bb737d47a8f998646fe687e9ff78319c0b665d53d994a4990871821a835ce8
    ; 0xeb843699e44fba46c5dbf1ac0ad6a21062f9b457  -3000 ETH
    ; 0xeb3b9f824c8551a58a427aeaaa1044866bb5e28e   3000 ETH
    0xeb843699e44fba46c5dbf1ac0ad6a21062f9b457  -3000 ETH
    assets:worthalter.eth  3000 ETH

2017-03-02 18:09:16 Transfer 0x8f55f237dbdca9740a2ded13e9b75eb3fd505992734901f8e6efea45a578f7a3
    ; 0xeb3b9f824c8551a58a427aeaaa1044866bb5e28e  -4299 ETH
    ; 0xc82bec54602aabf8686932cec513863c74279c88   4299 ETH
    assets:worthalter.eth  -4299 ETH
    0xc82bec54602aabf8686932cec513863c74279c88  4299 ETH

2017-04-30 23:10:47 Transfer 0xe8043916ec5acd2ed276cdb371541befa35067c5c316a456d7c8ae26692601d9
    ; 0x000001f568875f378bf6d170b790967fe429c81a  -20 ETH
    ; 0xeb3b9f824c8551a58a427aeaaa1044866bb5e28e   20 ETH
    0x000001f568875f378bf6d170b790967fe429c81a  -20 ETH
    assets:worthalter.eth  20 ETH

2017-05-21 14:57:24 0xce92dced 0xccf8638e9dcb00e5074f022782d6ebd77285dd59c0db22b97bb574bb4a16558b
    ; 0xeb3b9f824c8551a58a427aeaaa1044866bb5e28e  -1 ETH
    ; 0x6090a6e47849629b7245dfa1ca21d94cd15878ef   1 ETH
    assets:worthalter.eth  -1 ETH
    0x6090a6e47849629b7245dfa1ca21d94cd15878ef  1 ETH

2017-05-26 00:59:26 0xce92dced 0x72119262bf375b6afa10aea801b0edbf5197ce9b64b66ea6b0a6ce1982c34543
    ; 0xeb3b9f824c8551a58a427aeaaa1044866bb5e28e  -1 ETH
    ; 0x6090a6e47849629b7245dfa1ca21d94cd15878ef   1 ETH
    assets:worthalter.eth  -1 ETH
    0x6090a6e47849629b7245dfa1ca21d94cd15878ef  1 ETH

2017-05-29 12:50:39 0x47872b42 0x7c16e6cfb1d4d07ebfb19e1085448ff422e7d4e465e2a1a0c14cbce3ff3e4d29
    ; 0x2461d881d7e66444dedcc12b98319d751527fa46  -0.995 ETH
    ; 0xeb3b9f824c8551a58a427aeaaa1044866bb5e28e   0.995 ETH
    0x2461d881d7e66444dedcc12b98319d751527fa46  -0.995 ETH
    assets:worthalter.eth  0.995 ETH

2017-06-21 16:26:00 Transfer 0x89c4d93e6b6b5427ddf7b95e7ab8c9c377c3f6f9b3e739f7cf88cd214351c3dc
    ; 0xeb3b9f824c8551a58a427aeaaa1044866bb5e28e  -1 ETH
    ; 0x7407fbc193718f4de8d054552f82e07541cd69bf   1 ETH
    assets:worthalter.eth  -1 ETH
    0x7407fbc193718f4de8d054552f82e07541cd69bf  1 ETH

2017-06-21 17:44:20 Transfer 0xda40627c5aa5eeb030c73ef129c25ed499306ff17b1a0f41dd967dab9e9d30e8
    ; 0x9c04f937fb482c9b84b19d78b34073b982bfd34e  -1 ETH
    ; 0xeb3b9f824c8551a58a427aeaaa1044866bb5e28e   1 ETH
    0x9c04f937fb482c9b84b19d78b34073b982bfd34e  -1 ETH
    assets:worthalter.eth  1 ETH

2017-06-24 20:04:49 Transfer 0x2909d2bc54fcc6452914c8d3a56c88faba48b87d28935db742d7e1b41a56722e
    ; 0xb072d4d6325a38623b2a2aaf224ee1e8afe933a3  -315 ETH
    ; 0xeb3b9f824c8551a58a427aeaaa1044866bb5e28e   315 ETH
    0xb072d4d6325a38623b2a2aaf224ee1e8afe933a3  -315 ETH
    assets:worthalter.eth  315 ETH

2017-06-24 20:07:54 Transfer 0x6ed7c3781bac8b3139b524327d2206ab8fe1ee28048c6d4d5ce65addea6a5435
    ; 0xeb3b9f824c8551a58a427aeaaa1044866bb5e28e  -315 ETH
    ; 0x5d1cf4e92951e50f8a3dcf5f6c7fb87e1f3d6e6f   315 ETH
    assets:worthalter.eth  -315 ETH
    0x5d1cf4e92951e50f8a3dcf5f6c7fb87e1f3d6e6f  315 ETH

2017-06-24 22:55:41 0xfebefd61 0x62b56fe4bcd64ec5f859b01b5dc0590bdf241f6d95346ce630e68fcaa92fdf81
    ; 0xeb3b9f824c8551a58a427aeaaa1044866bb5e28e  -19.5 ETH
    ; 0x6090a6e47849629b7245dfa1ca21d94cd15878ef   19.5 ETH
    assets:worthalter.eth  -19.5 ETH
    0x6090a6e47849629b7245dfa1ca21d94cd15878ef  19.5 ETH

2017-06-25 14:30:13 Transfer 0xfaa0cffba4bf07e37259dd5eca1574eada0aaee933aa1b1c27953ef2775910be
    ; 0x32be343b94f860124dc4fee278fdcbd38c102d88  -70 ETH
    ; 0xeb3b9f824c8551a58a427aeaaa1044866bb5e28e   70 ETH
    0x32be343b94f860124dc4fee278fdcbd38c102d88  -70 ETH
    assets:worthalter.eth  70 ETH

2017-06-26 18:40:44 Transfer 0xa30110d5cad99b1fe46ef549982e2bedf7c8b5971375fea4c5ec407c7466538e
    ; 0x32be343b94f860124dc4fee278fdcbd38c102d88  -70 ETH
    ; 0xeb3b9f824c8551a58a427aeaaa1044866bb5e28e   70 ETH
    0x32be343b94f860124dc4fee278fdcbd38c102d88  -70 ETH
    assets:worthalter.eth  70 ETH

2017-07-01 18:47:29 0x983b94fb 0xd6d336a6d83507c8ca6138e3678cb5ade24cadf4189f22f856ad8ce7cf380abb
    ; 0xf9bdad3f1660a50ec199455c0818f1932a569969  -19.49 ETH
    ; 0xeb3b9f824c8551a58a427aeaaa1044866bb5e28e   19.49 ETH
    0xf9bdad3f1660a50ec199455c0818f1932a569969  -19.49 ETH
    assets:worthalter.eth  19.49 ETH

2017-07-03 17:28:29 Transfer 0xe2025532c25919458e384f8187c692ead136db0a41b79f4a0af7386b7d518c9e
    ; 0x486a28815a35a637e3f668783fb8538af1a4459f  -0.01 ETH
    ; 0xeb3b9f824c8551a58a427aeaaa1044866bb5e28e   0.01 ETH
    0x486a28815a35a637e3f668783fb8538af1a4459f  -0.01 ETH
    assets:worthalter.eth  0.01 ETH

2017-07-10 19:43:49 Transfer 0x68dc6ce015614255c16f848f56ea8f8741b067d1b20ef294e726d93c3122cdf1
    ; 0xeb68aa2764b4a9a943658b2e61db4c902b2ebf85  -411277.665 OMG
    ; 0xeb3b9f824c8551a58a427aeaaa1044866bb5e28e   411277.665 OMG
    0xeb68aa2764b4a9a943658b2e61db4c902b2ebf85  -411277.665 OMG
    assets:worthalter.eth  411277.665 OMG

2017-07-18 18:12:54 Transfer 0x61d8b8d7e71d19e314f38c81767f7bbbb9355db62f11cd10b5f7cc3c0065bfa4
    ; 0x267be1c1d684f78cb4f6a176c4911b741e4ffdc0  -372.20615 ETH
    ; 0xeb3b9f824c8551a58a427aeaaa1044866bb5e28e   372.20615 ETH
    0x267be1c1d684f78cb4f6a176c4911b741e4ffdc0  -372.20615 ETH
    assets:worthalter.eth  372.20615 ETH

2017-07-18 18:49:24 Transfer 0xca4d9ccbde22a4bf109fbc42bfe389f0f19e7299f01b06a5030c2eff0c548dd9
    ; 0x3f4c17c69fc3a6a30c7412729458a597a353bcf3  -195.95384 ETH
    ; 0xeb3b9f824c8551a58a427aeaaa1044866bb5e28e   195.95384 ETH
    0x3f4c17c69fc3a6a30c7412729458a597a353bcf3  -195.95384 ETH
    assets:worthalter.eth  195.95384 ETH

2017-07-21 14:31:16 Transfer 0x16c1c5ec1e32b9fe7bad96df29e2d36470e7d46e38298cdb2cf35bfe5250bd6d
    ; 0x267be1c1d684f78cb4f6a176c4911b741e4ffdc0  -455.02572 ETH
    ; 0xeb3b9f824c8551a58a427aeaaa1044866bb5e28e   455.02572 ETH
    0x267be1c1d684f78cb4f6a176c4911b741e4ffdc0  -455.02572 ETH
    assets:worthalter.eth  455.02572 ETH

2017-07-22 19:17:57 Transfer 0x595bf6f61403c985eca41bc0154fcabcba8f261e65da9394134a185ae2176c32
    ; 0xc41f6dc083f678d1a233eee712afa1ee7cc81c46  -1 ETH
    ; 0x57757e3d981446d585af0d9ae4d7df6d64647806   1 ETH
    0xc41f6dc083f678d1a233eee712afa1ee7cc81c46  -1 ETH
    assets:patricioworthalter.eth  1 ETH

2017-07-22 19:20:25 Transfer 0x87b28b8eb03367d375b3377b50e53e1b650b524c061f960cbdbfce129f3f8756
    ; 0xc41f6dc083f678d1a233eee712afa1ee7cc81c46  -15135.679610849 ETH
    ; 0x57757e3d981446d585af0d9ae4d7df6d64647806   15135.679610849 ETH
    0xc41f6dc083f678d1a233eee712afa1ee7cc81c46  -15135.679610849 ETH
    assets:patricioworthalter.eth  15135.679610849 ETH

2017-07-22 19:24:40 Transfer 0x8da7da5db0e31af2a68875b2cd3bbdf6bf0500c889fbc5f2adb0b084d5405798
    ; 0xb072d4d6325a38623b2a2aaf224ee1e8afe933a3  -1174.996028438 ETH
    ; 0x57757e3d981446d585af0d9ae4d7df6d64647806   1174.996028438 ETH
    0xb072d4d6325a38623b2a2aaf224ee1e8afe933a3  -1174.996028438 ETH
    assets:patricioworthalter.eth  1174.996028438 ETH

2017-07-22 19:27:02 Transfer 0x266f35c8f2aa3ad10d1e53be13e9c8130715963b170d7b22d4d393fb86164a0c
    ; 0xe7d958d7f4b9e808b6a9b8edbedb7614f963a160  -2499.999727 ETH
    ; 0x57757e3d981446d585af0d9ae4d7df6d64647806   2499.999727 ETH
    0xe7d958d7f4b9e808b6a9b8edbedb7614f963a160  -2499.999727 ETH
    assets:patricioworthalter.eth  2499.999727 ETH

2017-07-22 20:00:47 Transfer 0x7a1aa33bff7b7a86881f4b0ab17fbfca00b57dbcbf8f552b4cd23ec69b30971c
    ; 0x510b070c80ae38d081a3e357aceabcc05c5853c5  -580 ETH
    ; 0xeb3b9f824c8551a58a427aeaaa1044866bb5e28e   580 ETH
    0x510b070c80ae38d081a3e357aceabcc05c5853c5  -580 ETH
    assets:worthalter.eth  580 ETH

2017-07-22 20:01:38 Transfer 0x5ff50ef00cde46a1131f2d894f84222facf041f6b0adbfda667f02b80ec72952
    ; 0x510b070c80ae38d081a3e357aceabcc05c5853c5  -310731.3932 OMG
    ; 0xeb3b9f824c8551a58a427aeaaa1044866bb5e28e   310731.3932 OMG
    0x510b070c80ae38d081a3e357aceabcc05c5853c5  -310731.3932 OMG
    assets:worthalter.eth  310731.3932 OMG

2017-07-22 20:06:23 0xfebefd61 0xd4a0e5c33ad005a592b58e6b73f41a53148f8d6f29163ce0d72c112f99228e71
    ; 0x57757e3d981446d585af0d9ae4d7df6d64647806  -1 ETH
    ; 0x6090a6e47849629b7245dfa1ca21d94cd15878ef   1 ETH
    assets:patricioworthalter.eth  -1 ETH
    0x6090a6e47849629b7245dfa1ca21d94cd15878ef  1 ETH

2017-07-22 20:06:23 Transfer 0x827b8a2eee61674a3950e6bde3f744764536f0712afb6cce8727bc7e16005fff
    ; 0x510b070c80ae38d081a3e357aceabcc05c5853c5  -1 PLU
    ; 0xeb3b9f824c8551a58a427aeaaa1044866bb5e28e   1 PLU
    0x510b070c80ae38d081a3e357aceabcc05c5853c5  -1 PLU
    assets:worthalter.eth  1 PLU

2017-07-22 20:10:41 Transfer 0x4bd840bab2aa6cab767a2962f44ec2f2bf1d651b1fdf76569c644b561cda0df5
    ; 0x510b070c80ae38d081a3e357aceabcc05c5853c5  -9802.94103769 PLU
    ; 0xeb3b9f824c8551a58a427aeaaa1044866bb5e28e   9802.94103769 PLU
    0x510b070c80ae38d081a3e357aceabcc05c5853c5  -9802.94103769 PLU
    assets:worthalter.eth  9802.94103769 PLU

2017-07-22 20:28:45 Transfer 0x42e4eb251080407227eda1291186809b73c1774fb5e0934f57ad41f174b93f1c
    ; 0xeb3b9f824c8551a58a427aeaaa1044866bb5e28e  -1000 OMG
    ; 0x96d4f0e75ae86e4c46cd8e9d4ae2f2309bd6ec45   1000 OMG
    assets:worthalter.eth  -1000 OMG
    0x96d4f0e75ae86e4c46cd8e9d4ae2f2309bd6ec45  1000 OMG

2017-07-22 20:30:59 Transfer 0x74d482c221c7215d3aabf632544883fc9d938976d61dadc41978a9508b3500f4
    ; 0xeb3b9f824c8551a58a427aeaaa1044866bb5e28e  -1760 ETH
    ; 0x57757e3d981446d585af0d9ae4d7df6d64647806   1760 ETH
    assets:worthalter.eth  -1760 ETH
    assets:patricioworthalter.eth  1760 ETH

2017-07-23 21:42:46 Transfer 0x9b5fb91b45e758d3e05b8672b3ef550622aeb006d8228709012eb74eb272b0a7
    ; 0xeb3b9f824c8551a58a427aeaaa1044866bb5e28e  -140000 OMG
    ; 0x5f36a98ce06f7f912bb6b9ca53a81d6ca34becc5   140000 OMG
    assets:worthalter.eth  -140000 OMG
    0x5f36a98ce06f7f912bb6b9ca53a81d6ca34becc5  140000 OMG

2017-07-24 17:32:36 Transfer 0xd03b6e8c3ecef28588d62ea5ffa173ff3740c61e1b6f6e7c0b8c40e8e755c554
    ; 0x267be1c1d684f78cb4f6a176c4911b741e4ffdc0  -438.84253 ETH
    ; 0xeb3b9f824c8551a58a427aeaaa1044866bb5e28e   438.84253 ETH
    0x267be1c1d684f78cb4f6a176c4911b741e4ffdc0  -438.84253 ETH
    assets:worthalter.eth  438.84253 ETH

2017-07-25 19:24:42 Transfer 0xa4575051a2e340aae304a2ab152b6f12e94d52f6faca4229ddf533ebaeaf89e0
    ; 0x267be1c1d684f78cb4f6a176c4911b741e4ffdc0  -316.97436 ETH
    ; 0xeb3b9f824c8551a58a427aeaaa1044866bb5e28e   316.97436 ETH
    0x267be1c1d684f78cb4f6a176c4911b741e4ffdc0  -316.97436 ETH
    assets:worthalter.eth  316.97436 ETH

2017-07-26 18:04:43 Transfer 0xd0751d027e03904fd790a5719aab6de16f5ba0e3b28a246d210ec7d3b125d7fa
    ; 0x267be1c1d684f78cb4f6a176c4911b741e4ffdc0  -136.05105 ETH
    ; 0xeb3b9f824c8551a58a427aeaaa1044866bb5e28e   136.05105 ETH
    0x267be1c1d684f78cb4f6a176c4911b741e4ffdc0  -136.05105 ETH
    assets:worthalter.eth  136.05105 ETH

2017-08-02 20:04:10 0x983b94fb 0x84972a43eb3d717ac7dda597047fcef888bb8d113e357d1974d8e2fc592414b8
    ; 0x0065ff0572976829d4806f7323836e3a06475e7b  -0.99 ETH
    ; 0x57757e3d981446d585af0d9ae4d7df6d64647806   0.99 ETH
    0x0065ff0572976829d4806f7323836e3a06475e7b  -0.99 ETH
    assets:patricioworthalter.eth  0.99 ETH

2017-08-05 04:00:14 Transfer 0x9e12a9cc5e00c940c2368c80fad3c40bf58a212ea09e86872e722b53398eaa88
    ; 0xeb3b9f824c8551a58a427aeaaa1044866bb5e28e  -100000 OMG
    ; 0x57757e3d981446d585af0d9ae4d7df6d64647806   100000 OMG
    assets:worthalter.eth  -100000 OMG
    assets:patricioworthalter.eth  100000 OMG

2017-08-16 22:26:23 Transfer 0xa0f6218bbeb277107b5d8877ee53999b5dd92fdf8e549547c8737ca2c238c036
    ; 0x267be1c1d684f78cb4f6a176c4911b741e4ffdc0  -280.83253 ETH
    ; 0xeb3b9f824c8551a58a427aeaaa1044866bb5e28e   280.83253 ETH
    0x267be1c1d684f78cb4f6a176c4911b741e4ffdc0  -280.83253 ETH
    assets:worthalter.eth  280.83253 ETH

2017-08-22 21:28:20 Transfer 0xda0600f79312bfce94cbcf23615fa60a99b049119adae177da56c1e5c00278e0
    ; 0xeb3b9f824c8551a58a427aeaaa1044866bb5e28e  -100 ETH
    ; 0xd9f5c00497588d02681293197fa8408ffae2d285   100 ETH
    assets:worthalter.eth  -100 ETH
    0xd9f5c00497588d02681293197fa8408ffae2d285  100 ETH

2017-08-24 17:01:17 Transfer 0xa134bf6ee147da2c1fb3d29550c8db4d793c92e5cb2b7c15372e2432ebd370b3
    ; 0x267be1c1d684f78cb4f6a176c4911b741e4ffdc0  -163.5712 ETH
    ; 0xeb3b9f824c8551a58a427aeaaa1044866bb5e28e   163.5712 ETH
    0x267be1c1d684f78cb4f6a176c4911b741e4ffdc0  -163.5712 ETH
    assets:worthalter.eth  163.5712 ETH

2017-08-27 15:28:48 Transfer 0x140baaa351d68267660294fbde12053d8d3bf74694838c5c242b0df1fd32128d
    ; 0x57757e3d981446d585af0d9ae4d7df6d64647806  -10000 OMG
    ; 0x1e5f040e067ce7fb6791febb1fe89969353bdfee   10000 OMG
    assets:patricioworthalter.eth  -10000 OMG
    0x1e5f040e067ce7fb6791febb1fe89969353bdfee  10000 OMG

2017-08-27 21:58:48 Transfer 0xa9544956cfd8d62eb8e933a2381a1399d357ee7acffd73f98aba798ff4daef31
    ; 0x57757e3d981446d585af0d9ae4d7df6d64647806  -10000 OMG
    ; 0x1e5f040e067ce7fb6791febb1fe89969353bdfee   10000 OMG
    assets:patricioworthalter.eth  -10000 OMG
    0x1e5f040e067ce7fb6791febb1fe89969353bdfee  10000 OMG

2017-08-28 13:17:43 Transfer 0xfe58c9df78e1251e69a1f08743e2e54388f7e79f56fefbc3acbaebde141851e2
    ; 0x267be1c1d684f78cb4f6a176c4911b741e4ffdc0  -295.65341 ETH
    ; 0xeb3b9f824c8551a58a427aeaaa1044866bb5e28e   295.65341 ETH
    0x267be1c1d684f78cb4f6a176c4911b741e4ffdc0  -295.65341 ETH
    assets:worthalter.eth  295.65341 ETH

2017-08-29 02:15:40 Transfer 0x68db94002a3de3d60f1f1194f03253702877eb8dc74215ba572d20fbe569fa5a
    ; 0x57757e3d981446d585af0d9ae4d7df6d64647806  -10000 OMG
    ; 0x1e5f040e067ce7fb6791febb1fe89969353bdfee   10000 OMG
    assets:patricioworthalter.eth  -10000 OMG
    0x1e5f040e067ce7fb6791febb1fe89969353bdfee  10000 OMG

2017-08-29 02:17:57 Transfer 0x3169200c4481a00ea89dc81652d34a1068d3eae311d19d8a419798521b0896a6
    ; 0x57757e3d981446d585af0d9ae4d7df6d64647806  -10001 OMG
    ; 0x1e5f040e067ce7fb6791febb1fe89969353bdfee   10001 OMG
    assets:patricioworthalter.eth  -10001 OMG
    0x1e5f040e067ce7fb6791febb1fe89969353bdfee  10001 OMG

2017-09-01 14:14:53 Transfer 0x4a94bb066319c92062d1004b810da523d682eb087ce2e57f423426fd4f8783b6
    ; 0xeb3b9f824c8551a58a427aeaaa1044866bb5e28e  -10000 OMG
    ; 0x1e5f040e067ce7fb6791febb1fe89969353bdfee   10000 OMG
    assets:worthalter.eth  -10000 OMG
    0x1e5f040e067ce7fb6791febb1fe89969353bdfee  10000 OMG

2017-09-01 16:36:08 Transfer 0x766e22571d742693119d1ba80ce4b05b680b1e5a9597df7bb7fd4bec85deffce
    ; 0xeb3b9f824c8551a58a427aeaaa1044866bb5e28e  -20000 OMG
    ; 0x1e5f040e067ce7fb6791febb1fe89969353bdfee   20000 OMG
    assets:worthalter.eth  -20000 OMG
    0x1e5f040e067ce7fb6791febb1fe89969353bdfee  20000 OMG

2017-09-01 22:16:30 Transfer 0xd9bab3c1de2d30d01a3507f955c314ee68db6b2107f612b1fa37637b76f6a18f
    ; 0xfbb1b73c4f0bda4f67dca266ce6ef42f520fbb98  -622.43500002 ETH
    ; 0xeb3b9f824c8551a58a427aeaaa1044866bb5e28e   622.43500002 ETH
    0xfbb1b73c4f0bda4f67dca266ce6ef42f520fbb98  -622.43500002 ETH
    assets:worthalter.eth  622.43500002 ETH

2017-09-02 15:23:04 Transfer 0xe5ece5ade1c42633a2ae0c4be0d80b6b774a76d3b319ae2c8b7cf54ac02d9fa9
    ; 0x57757e3d981446d585af0d9ae4d7df6d64647806  -19999 OMG
    ; 0x1e5f040e067ce7fb6791febb1fe89969353bdfee   19999 OMG
    assets:patricioworthalter.eth  -19999 OMG
    0x1e5f040e067ce7fb6791febb1fe89969353bdfee  19999 OMG

2017-09-02 19:02:34 Transfer 0x0946efb384533d066696ca3a4d1e95186ec35f703039ccdb8be2d078fcb81a21
    ; 0xfbb1b73c4f0bda4f67dca266ce6ef42f520fbb98  -513.81611309 ETH
    ; 0xeb3b9f824c8551a58a427aeaaa1044866bb5e28e   513.81611309 ETH
    0xfbb1b73c4f0bda4f67dca266ce6ef42f520fbb98  -513.81611309 ETH
    assets:worthalter.eth  513.81611309 ETH

2017-09-02 20:42:44 Transfer 0x2354e97a3248c0005b4f21fedee262d57532fd9feea8678be2ed42deba83b670
    ; 0xeb3b9f824c8551a58a427aeaaa1044866bb5e28e  -11009.0582 OMG
    ; 0x1e5f040e067ce7fb6791febb1fe89969353bdfee   11009.0582 OMG
    assets:worthalter.eth  -11009.0582 OMG
    0x1e5f040e067ce7fb6791febb1fe89969353bdfee  11009.0582 OMG

2017-09-05 12:08:46 Transfer 0xb35a3560c8129191d3b42c3f7a42411b50792bc8efb16a6bed6ba3d662a92976
    ; 0xeb3b9f824c8551a58a427aeaaa1044866bb5e28e  -20000 OMG
    ; 0x1e5f040e067ce7fb6791febb1fe89969353bdfee   20000 OMG
    assets:worthalter.eth  -20000 OMG
    0x1e5f040e067ce7fb6791febb1fe89969353bdfee  20000 OMG

2017-09-07 13:23:59 Transfer 0x55d8e9b290ca9486413aa010471257c2569b1054853da7f9d087071d55c29caf
    ; 0x486a28815a35a637e3f668783fb8538af1a4459f  -300 ETH
    ; 0xeb3b9f824c8551a58a427aeaaa1044866bb5e28e   300 ETH
    0x486a28815a35a637e3f668783fb8538af1a4459f  -300 ETH
    assets:worthalter.eth  300 ETH

2017-09-07 21:59:19 Transfer 0x94db571b394aa040b826671ecaa5ad55c23fc595a22fbe65307e0a8093167c48
    ; 0x57757e3d981446d585af0d9ae4d7df6d64647806  -10000 OMG
    ; 0x1e5f040e067ce7fb6791febb1fe89969353bdfee   10000 OMG
    assets:patricioworthalter.eth  -10000 OMG
    0x1e5f040e067ce7fb6791febb1fe89969353bdfee  10000 OMG

2017-09-09 00:11:24 Transfer 0xc3a8bf267efd8a637a3d3db9f18c5adef2e5a1729d9f98c1012191c06956a560
    ; 0x57757e3d981446d585af0d9ae4d7df6d64647806  -3000 ETH
    ; 0xb0defe01153dfc7fe58c1ad49925b64fc67fde9e   3000 ETH
    assets:patricioworthalter.eth  -3000 ETH
    0xb0defe01153dfc7fe58c1ad49925b64fc67fde9e  3000 ETH

2017-09-12 13:51:37 Transfer 0xea45ae92ed06dd8081748b3b0c72d1036d98c1c45fe9f428122d35d0a2a579b4
    ; 0xeb3b9f824c8551a58a427aeaaa1044866bb5e28e  -20000 OMG
    ; 0xc1c81c98749f72893a95649d1b5cfe8ff83fed02   20000 OMG
    assets:worthalter.eth  -20000 OMG
    0xc1c81c98749f72893a95649d1b5cfe8ff83fed02  20000 OMG

2017-09-13 19:44:33 Transfer 0xb2ab02a1135cd79ee1815ca77b818a74f9072fbbccb67b287acf03c7d4fada8d
    ; 0x9c04f937fb482c9b84b19d78b34073b982bfd34e  -73.206 ETH
    ; 0x57757e3d981446d585af0d9ae4d7df6d64647806   73.206 ETH
    0x9c04f937fb482c9b84b19d78b34073b982bfd34e  -73.206 ETH
    assets:patricioworthalter.eth  73.206 ETH

2017-09-13 19:57:39 Transfer 0x76fb6f193e0011dda2d1869a0765e5212ed4d6a02ada72a5e7db02475c0307da
    ; 0x9c04f937fb482c9b84b19d78b34073b982bfd34e  -807.0886 ETH
    ; 0x57757e3d981446d585af0d9ae4d7df6d64647806   807.0886 ETH
    0x9c04f937fb482c9b84b19d78b34073b982bfd34e  -807.0886 ETH
    assets:patricioworthalter.eth  807.0886 ETH

2017-09-13 19:57:39 Transfer 0xc5fbb286efcab807530f43b9a56b64e6aa424937ec2ecb5d833c761c8124e082
    ; 0xeb3b9f824c8551a58a427aeaaa1044866bb5e28e  -7221.38 OMG
    ; 0x9c04f937fb482c9b84b19d78b34073b982bfd34e   7221.38 OMG
    assets:worthalter.eth  -7221.38 OMG
    0x9c04f937fb482c9b84b19d78b34073b982bfd34e  7221.38 OMG

2017-09-13 21:58:42 Transfer 0xfec800fa51f826896ec897d3b5c28e61d25a1065d54d78495c78f7b4f011139e
    ; 0x57757e3d981446d585af0d9ae4d7df6d64647806  -3677 ETH
    ; 0x9b60874d7bc4e4fbdd142e0f5a12002e4f7715a6   3677 ETH
    assets:patricioworthalter.eth  -3677 ETH
    0x9b60874d7bc4e4fbdd142e0f5a12002e4f7715a6  3677 ETH

2017-09-14 01:23:45 0xad8733ca 0x7ed36d3256a0e42218752d6e600c761a1d9189c39e7feccd4bfed87b0099685b
    ; 0x862cb5b6eeaafb26ebb137e0c3c5d7728800439a  -12.048495756528 OMG
    ; 0xeb3b9f824c8551a58a427aeaaa1044866bb5e28e   12.048495756528 OMG
    0x862cb5b6eeaafb26ebb137e0c3c5d7728800439a  -12.048495756528 OMG
    assets:worthalter.eth  12.048495756528 OMG

2017-09-14 19:34:53 Transfer 0x7d57c3c09e9d9b496f1befead49cd9fc4604e2e18ff409b0c6c80e2775a48d18
    ; 0x57757e3d981446d585af0d9ae4d7df6d64647806  -300 ETH
    ; 0x486a28815a35a637e3f668783fb8538af1a4459f   300 ETH
    assets:patricioworthalter.eth  -300 ETH
    0x486a28815a35a637e3f668783fb8538af1a4459f  300 ETH

2017-09-15 16:13:30 Transfer 0xeea5ef28c706c356ebaac8202f14e4d6e14755689c72c77df897a27b8bbe1f5c
    ; 0x57757e3d981446d585af0d9ae4d7df6d64647806  -30000 OMG
    ; 0xc1c81c98749f72893a95649d1b5cfe8ff83fed02   30000 OMG
    assets:patricioworthalter.eth  -30000 OMG
    0xc1c81c98749f72893a95649d1b5cfe8ff83fed02  30000 OMG

2017-09-17 23:45:29 Transfer 0xca5191f9a36c821ae52eed7b5bb135483e8ae9989a50db9799125eb66e09a8a8
    ; 0x510b070c80ae38d081a3e357aceabcc05c5853c5  -770 ETH
    ; 0x57757e3d981446d585af0d9ae4d7df6d64647806   770 ETH
    0x510b070c80ae38d081a3e357aceabcc05c5853c5  -770 ETH
    assets:patricioworthalter.eth  770 ETH

2017-09-17 23:59:14 Transfer 0xea2cb553e870c331218965270a803eede9dc56055cb2295cffb99b2784f53efa
    ; 0x510b070c80ae38d081a3e357aceabcc05c5853c5  -831 ETH
    ; 0x57757e3d981446d585af0d9ae4d7df6d64647806   831 ETH
    0x510b070c80ae38d081a3e357aceabcc05c5853c5  -831 ETH
    assets:patricioworthalter.eth  831 ETH

2017-09-18 15:27:29 Transfer 0xbf1ce89a98f13e1a67ae924e6c81fc5b4a38510f827a498fcc1424c7c3ebe0b0
    ; 0xeb3b9f824c8551a58a427aeaaa1044866bb5e28e  -22790.668495756527 OMG
    ; 0xc1c81c98749f72893a95649d1b5cfe8ff83fed02   22790.668495756528 OMG
    assets:worthalter.eth  -22790.668495756528 OMG
    0xc1c81c98749f72893a95649d1b5cfe8ff83fed02  22790.668495756528 OMG

2017-09-18 15:33:42 Transfer 0x9e8639082a04db89abf6ca9aba41e53aead78979a148bc8818bdebade6ec5e7c
    ; 0xeb3b9f824c8551a58a427aeaaa1044866bb5e28e  -2970 ETH
    ; 0x57757e3d981446d585af0d9ae4d7df6d64647806   2970 ETH
    assets:worthalter.eth  -2970 ETH
    assets:patricioworthalter.eth  2970 ETH

2017-09-18 17:09:04 Transfer 0xf6e1ddf03fea1d25878103163663d689579454f475c141811a34e332aa0f9e5c
    ; 0x510b070c80ae38d081a3e357aceabcc05c5853c5  -954.056746 ETH
    ; 0x57757e3d981446d585af0d9ae4d7df6d64647806   954.056746 ETH
    0x510b070c80ae38d081a3e357aceabcc05c5853c5  -954.056746 ETH
    assets:patricioworthalter.eth  954.056746 ETH

2017-09-22 14:28:35 Transfer 0xd3bba00617cb47b15ddea251b51f5324381987030170d6bcc47966efc6ba952d
    ; 0x57757e3d981446d585af0d9ae4d7df6d64647806  -2 ETH
    ; 0xa34edd0e0223c2151b8408e3043b2f6edc564fce   2 ETH
    assets:patricioworthalter.eth  -2 ETH
    0xa34edd0e0223c2151b8408e3043b2f6edc564fce  2 ETH

2017-09-25 13:25:13 Transfer 0x290fb7ca9921681037d40c8e1fd8195ef82618b31d11269e41724766c7899cc9
    ; 0x486a28815a35a637e3f668783fb8538af1a4459f  -700 ETH
    ; 0x57757e3d981446d585af0d9ae4d7df6d64647806   700 ETH
    0x486a28815a35a637e3f668783fb8538af1a4459f  -700 ETH
    assets:patricioworthalter.eth  700 ETH

2017-09-30 14:32:45 Transfer 0x81a71934b12f81994ddc5c8e536f17a34838efd9c3bf6254ed5c7481c6fa440e
    ; 0x57757e3d981446d585af0d9ae4d7df6d64647806  -140 ETH
    ; 0xa4a3483a731130d236b3c21409a3434169837947   140 ETH
    assets:patricioworthalter.eth  -140 ETH
    0xa4a3483a731130d236b3c21409a3434169837947  140 ETH

2017-10-01 22:13:40 Transfer 0xcc400eea59cbad6a4007a408492179a3eac7e1d15811f62cdb08adf627725c76
    ; 0x57757e3d981446d585af0d9ae4d7df6d64647806  -5 ETH
    ; 0x5a384227b65fa093dec03ec34e111db80a040615   5 ETH
    assets:patricioworthalter.eth  -5 ETH
    0x5a384227b65fa093dec03ec34e111db80a040615  5 ETH

2017-10-05 19:21:38 Transfer 0x7dff5708787876651cbfcd04f8cfca75bf2143a80036d3460d23e54a79b18729
    ; 0xa4a3483a731130d236b3c21409a3434169837947  -90 ETH
    ; 0x57757e3d981446d585af0d9ae4d7df6d64647806   90 ETH
    0xa4a3483a731130d236b3c21409a3434169837947  -90 ETH
    assets:patricioworthalter.eth  90 ETH

2017-10-07 00:47:59 Transfer 0x7d7270602836a06cbf7a489131d1026b676305a5fb8d1e8c10819431716836b6
    ; 0x4e3bc0dc25c42ed2745bfc67f1d0daa52103c01a  -163 ETH
    ; 0xeb3b9f824c8551a58a427aeaaa1044866bb5e28e   163 ETH
    0x4e3bc0dc25c42ed2745bfc67f1d0daa52103c01a  -163 ETH
    assets:worthalter.eth  163 ETH

2017-10-13 19:17:54 Transfer 0xd70978c9917864c1fc9a0e6d34625ea51368ae5db028986c48564a160800589a
    ; 0x683797ec3e59923f879d6ffa62cdc887394ab4cb  -1 WRC
    ; 0x57757e3d981446d585af0d9ae4d7df6d64647806   1 WRC
    0x683797ec3e59923f879d6ffa62cdc887394ab4cb  -1 WRC
    assets:patricioworthalter.eth  1 WRC

2017-10-13 21:28:32 Transfer 0xf644acd5324310c15cef798fbb2a5b4fee6e860a3810d6f56d5971cb9a9ec8ef
    ; 0xa4a3483a731130d236b3c21409a3434169837947  -50 ETH
    ; 0x57757e3d981446d585af0d9ae4d7df6d64647806   50 ETH
    0xa4a3483a731130d236b3c21409a3434169837947  -50 ETH
    assets:patricioworthalter.eth  50 ETH

2017-10-15 14:30:49 Transfer 0x5b26bba8f8c3064c4fa3a3cb4d753b62a171dfbad28f9bbf9246365d6365d02a
    ; 0x510b070c80ae38d081a3e357aceabcc05c5853c5  -185 ETH
    ; 0x57757e3d981446d585af0d9ae4d7df6d64647806   185 ETH
    0x510b070c80ae38d081a3e357aceabcc05c5853c5  -185 ETH
    assets:patricioworthalter.eth  185 ETH

2017-10-15 14:52:54 Transfer 0xeae098d37d039bf05f5b38c4d1eab6ee1656d9e3a2b9b7ed7c6d26a578fcb34d
    ; 0x57757e3d981446d585af0d9ae4d7df6d64647806  -100 ETH
    ; 0x0e18f6c52ad2e5a9c62bbd8b8ad2a0405f9e4310   100 ETH
    assets:patricioworthalter.eth  -100 ETH
    0x0e18f6c52ad2e5a9c62bbd8b8ad2a0405f9e4310  100 ETH

2017-10-15 14:57:24 Transfer 0xf35669fe6510fde203616c203cd63c4e80051f2e7e5ada421d31f7a7f8d94b92
    ; 0x57757e3d981446d585af0d9ae4d7df6d64647806  -1000 ETH
    ; 0xf0f3afd02178ae1d3e34a7f787b9b8a07b937295   1000 ETH
    assets:patricioworthalter.eth  -1000 ETH
    0xf0f3afd02178ae1d3e34a7f787b9b8a07b937295  1000 ETH

2017-10-15 16:08:40 Transfer 0x5c523addb35071b60c5dcade67893c5ce642e121f7143fb74e03d1ef95dece21
    ; 0x57757e3d981446d585af0d9ae4d7df6d64647806  -2225 ETH
    ; 0xf0f3afd02178ae1d3e34a7f787b9b8a07b937295   2225 ETH
    assets:patricioworthalter.eth  -2225 ETH
    0xf0f3afd02178ae1d3e34a7f787b9b8a07b937295  2225 ETH

2017-10-17 17:13:56 0x797af627 0x5760fe8fc3ddbc3ff44ca6983651a83350aa668370ef6c771f7589cd902592c7
    ; 0xa34edd0e0223c2151b8408e3043b2f6edc564fce  -2 ETH
    ; 0x57757e3d981446d585af0d9ae4d7df6d64647806   2 ETH
    0xa34edd0e0223c2151b8408e3043b2f6edc564fce  -2 ETH
    assets:patricioworthalter.eth  2 ETH

2017-10-24 20:29:54 Transfer 0x233280e452bb7479aa0d82ce9f66cb88315eca5bd6029bbc60c9bf1d3ff5efc1
    ; 0x5a384227b65fa093dec03ec34e111db80a040615  -3 ETH
    ; 0x57757e3d981446d585af0d9ae4d7df6d64647806   3 ETH
    0x5a384227b65fa093dec03ec34e111db80a040615  -3 ETH
    assets:patricioworthalter.eth  3 ETH

2017-10-26 15:36:28 Transfer 0x2587b74d817718e5c0c585f94c61dd04c4016de822100d1b0dd64cfbe4cb43a1
    ; 0xfbb1b73c4f0bda4f67dca266ce6ef42f520fbb98  -0.3 ETH
    ; 0xf6b6f07862a02c85628b3a9688beae07fea9c863   0.3 ETH
    0xfbb1b73c4f0bda4f67dca266ce6ef42f520fbb98  -0.3 ETH
    assets:poap.xyz  0.3 ETH

2017-10-31 05:03:48 0xa645ff5f 0xbc220da63581bd79cfeb2021dbdb2117c4baedc666d9696ffa6d770ef8f7e353
    ; 0x5586aec6f58086524753d594cec08c4318314299  -1564.07770485472 XDATA
    ; 0x57757e3d981446d585af0d9ae4d7df6d64647806   1564.07770485472 XDATA
    0x5586aec6f58086524753d594cec08c4318314299  -1564.07770485472 XDATA
    assets:patricioworthalter.eth  1564.07770485472 XDATA

2017-11-02 17:41:32 Transfer 0xaf82b09f6d102beb7669952f109bbc5ca7171a50cb2294f1830b9a2b653b7caf
    ; 0xf6b6f07862a02c85628b3a9688beae07fea9c863  -0.067 ETH
    ; 0x300bacc867cc0c95f1c4d42cbb02b2f45c6acd7a   0.067 ETH
    assets:poap.xyz  -0.067 ETH
    0x300bacc867cc0c95f1c4d42cbb02b2f45c6acd7a  0.067 ETH

2017-11-04 06:24:56 0xa645ff5f 0x1398266e33eaee53680efee9acee0549760e61d4af7454173ba7897c02468039
    ; 0x5586aec6f58086524753d594cec08c4318314299  -314.542955777143 XDATA
    ; 0xeb3b9f824c8551a58a427aeaaa1044866bb5e28e   314.542955777143 XDATA
    0x5586aec6f58086524753d594cec08c4318314299  -314.542955777143 XDATA
    assets:worthalter.eth  314.542955777143 XDATA

2017-11-19 19:57:00 Transfer 0x3788c13e36bab48886531fc7015076a3301fb1b3ca74de6f37989d9adb670457
    ; 0x57757e3d981446d585af0d9ae4d7df6d64647806  -505 ETH
    ; 0xad570ea43d458a9f8dfcc321658e4b8ade19392b   505 ETH
    assets:patricioworthalter.eth  -505 ETH
    0xad570ea43d458a9f8dfcc321658e4b8ade19392b  505 ETH

2017-11-19 20:05:47 Transfer 0x701591c4c500178abc9441bdd4f6a2fbd557f0d0eb4e26d63b80e6dece0a3d0c
    ; 0xeb3b9f824c8551a58a427aeaaa1044866bb5e28e  -20000 OMG
    ; 0xc1c81c98749f72893a95649d1b5cfe8ff83fed02   20000 OMG
    assets:worthalter.eth  -20000 OMG
    0xc1c81c98749f72893a95649d1b5cfe8ff83fed02  20000 OMG

2017-11-21 08:16:25 Transfer 0x380b38ba8a981dcb4428af2f795dc4d95b2fba02f4f32e672160bf9d1134aab1
    ; 0xc54d9a9fb8228057c8aee615ff40c09b5da93661  -1012493.1059392521 RDN
    ; 0x57757e3d981446d585af0d9ae4d7df6d64647806   1012493.105939252051 RDN
    0xc54d9a9fb8228057c8aee615ff40c09b5da93661  -1012493.105939252051 RDN
    assets:patricioworthalter.eth  1012493.105939252051 RDN

2017-11-22 01:42:52 Transfer 0xcc5f10a6f2efedcfef64ebc8dad9cbd206cf1348d6b64d9625d238aa68740f02
    ; 0x4e3bc0dc25c42ed2745bfc67f1d0daa52103c01a  -207.76 ETH
    ; 0xeb3b9f824c8551a58a427aeaaa1044866bb5e28e   207.76 ETH
    0x4e3bc0dc25c42ed2745bfc67f1d0daa52103c01a  -207.76 ETH
    assets:worthalter.eth  207.76 ETH

2017-11-22 10:50:53 Transfer 0xc47b57205f438a8f75b8ad4051cdd6f4d161e0bafeeda24b7e200512829cd097
    ; 0x57757e3d981446d585af0d9ae4d7df6d64647806  -10000 RDN
    ; 0x1b4910b9f6a38106e95516c13a04eb4d02db41fd   10000 RDN
    assets:patricioworthalter.eth  -10000 RDN
    0x1b4910b9f6a38106e95516c13a04eb4d02db41fd  10000 RDN

2017-11-22 16:01:28 Transfer 0x1db88af95676b3db42c72515d808a4f64c588604ee4527158434d9f211e379fb
    ; 0x57757e3d981446d585af0d9ae4d7df6d64647806  -10000 RDN
    ; 0x1b4910b9f6a38106e95516c13a04eb4d02db41fd   10000 RDN
    assets:patricioworthalter.eth  -10000 RDN
    0x1b4910b9f6a38106e95516c13a04eb4d02db41fd  10000 RDN

2017-11-22 17:21:43 Transfer 0xc0735552068751201168497d56e59665605c292c2ceb787aedaadb9462c8e5ab
    ; 0x57757e3d981446d585af0d9ae4d7df6d64647806  -20000 RDN
    ; 0x1b4910b9f6a38106e95516c13a04eb4d02db41fd   20000 RDN
    assets:patricioworthalter.eth  -20000 RDN
    0x1b4910b9f6a38106e95516c13a04eb4d02db41fd  20000 RDN

2017-11-23 00:50:07 Transfer 0x5259e1432ec8db45bfb967af5b845cab7fd4f0a5e68018bdcfffb5954eaf7107
    ; 0x57757e3d981446d585af0d9ae4d7df6d64647806  -50000 RDN
    ; 0x1b4910b9f6a38106e95516c13a04eb4d02db41fd   50000 RDN
    assets:patricioworthalter.eth  -50000 RDN
    0x1b4910b9f6a38106e95516c13a04eb4d02db41fd  50000 RDN

2017-11-23 05:44:17 Transfer 0x1f051bc6966ad95d867f0d75d3da368ef5fc717269c47e2c1f6eeca30f20bba6
    ; 0x57757e3d981446d585af0d9ae4d7df6d64647806  -18259 RDN
    ; 0x22b4b82f5a3c4eeeb8860a66c9467767ac589408   18259 RDN
    assets:patricioworthalter.eth  -18259 RDN
    0x22b4b82f5a3c4eeeb8860a66c9467767ac589408  18259 RDN

2017-11-24 12:54:18 Transfer 0xe0ce8bafc98021c49c91e9152d33113c4e475dcc832876b323f34abc10b23799
    ; 0xeb3b9f824c8551a58a427aeaaa1044866bb5e28e  -0.1 ETH
    ; 0xa1ce16e535a54513f51c209f1979c8bf64544986   0.1 ETH
    assets:worthalter.eth  -0.1 ETH
    0xa1ce16e535a54513f51c209f1979c8bf64544986  0.1 ETH

2017-11-24 23:35:49 Transfer 0x79dbd0dd15debc7cdd23951f46788d165711c5177155fe98181bd1fec596e7e0
    ; 0x57757e3d981446d585af0d9ae4d7df6d64647806  -200 ETH
    ; 0x0e18f6c52ad2e5a9c62bbd8b8ad2a0405f9e4310   200 ETH
    assets:patricioworthalter.eth  -200 ETH
    0x0e18f6c52ad2e5a9c62bbd8b8ad2a0405f9e4310  200 ETH

2017-11-26 14:20:09 Transfer 0x8992df646aced8739b2bfa6d2f8c7d3d69f4c7e4e86d8060734efabdc1d51c22
    ; 0x510b070c80ae38d081a3e357aceabcc05c5853c5  -332 ETH
    ; 0x57757e3d981446d585af0d9ae4d7df6d64647806   332 ETH
    0x510b070c80ae38d081a3e357aceabcc05c5853c5  -332 ETH
    assets:patricioworthalter.eth  332 ETH

2017-11-26 14:28:30 Transfer 0x31f5efc53667b610eb2b6889a6a569b38676b530cbcc501f0c3d9279bedd975b
    ; 0x3f5ce5fbfe3e9af3971dd833d26ba9b5c936f0be  -34.995 ETH
    ; 0x57757e3d981446d585af0d9ae4d7df6d64647806   34.995 ETH
    0x3f5ce5fbfe3e9af3971dd833d26ba9b5c936f0be  -34.995 ETH
    assets:patricioworthalter.eth  34.995 ETH

2017-11-26 14:35:58 Transfer 0x4fac3d5341fd21449e98a316558422c5dac5227b5dd2215b1db9b005657a81c7
    ; 0xeb3b9f824c8551a58a427aeaaa1044866bb5e28e  -50000 OMG
    ; 0xc1c81c98749f72893a95649d1b5cfe8ff83fed02   50000 OMG
    assets:worthalter.eth  -50000 OMG
    0xc1c81c98749f72893a95649d1b5cfe8ff83fed02  50000 OMG

2017-11-26 19:37:16 Transfer 0x3bc1681b2c432ce89a83d1fe287798a13dd9010eeda08f9517753ca93093189b
    ; 0x510b070c80ae38d081a3e357aceabcc05c5853c5  -408 ETH
    ; 0x57757e3d981446d585af0d9ae4d7df6d64647806   408 ETH
    0x510b070c80ae38d081a3e357aceabcc05c5853c5  -408 ETH
    assets:patricioworthalter.eth  408 ETH

2017-11-27 08:26:46 Transfer 0xdf0539b7fd29c6170c70ec3c89b0e9dcbf6e09621626fc0df95172cac99c14b8
    ; 0x510b070c80ae38d081a3e357aceabcc05c5853c5  -186 ETH
    ; 0x57757e3d981446d585af0d9ae4d7df6d64647806   186 ETH
    0x510b070c80ae38d081a3e357aceabcc05c5853c5  -186 ETH
    assets:patricioworthalter.eth  186 ETH

2017-11-27 16:11:40 Transfer 0x4c94345a52f764cf042061c3aa767cd08a2c039136d750c0f9f891291ce0e307
    ; 0xfbb1b73c4f0bda4f67dca266ce6ef42f520fbb98  -190 ETH
    ; 0x57757e3d981446d585af0d9ae4d7df6d64647806   190 ETH
    0xfbb1b73c4f0bda4f67dca266ce6ef42f520fbb98  -190 ETH
    assets:patricioworthalter.eth  190 ETH

2017-11-28 14:25:34 Transfer 0xaa2d9330b3ebc2b9bdda358d38de01483be608d3a83e74da6f5e0226129fcce4
    ; 0xeb3b9f824c8551a58a427aeaaa1044866bb5e28e  -50000 OMG
    ; 0xc1c81c98749f72893a95649d1b5cfe8ff83fed02   50000 OMG
    assets:worthalter.eth  -50000 OMG
    0xc1c81c98749f72893a95649d1b5cfe8ff83fed02  50000 OMG

2017-11-28 16:38:32 Transfer 0xc5db6a0e2b5bc0ea977c97ca571307b03691bc04deae6ddf1d4034f62d7fceaf
    ; 0x3f5ce5fbfe3e9af3971dd833d26ba9b5c936f0be  -874.96934924 ETH
    ; 0x57757e3d981446d585af0d9ae4d7df6d64647806   874.96934924 ETH
    0x3f5ce5fbfe3e9af3971dd833d26ba9b5c936f0be  -874.96934924 ETH
    assets:patricioworthalter.eth  874.96934924 ETH

2017-11-28 17:33:36 Transfer 0x0f552dab9ddbee6656b5acd1bf614aec5e9aa847daffc7af243f1cb70f6cdb5c
    ; 0x57757e3d981446d585af0d9ae4d7df6d64647806  -104234.10593925205 RDN
    ; 0x1b4910b9f6a38106e95516c13a04eb4d02db41fd   104234.105939252051 RDN
    assets:patricioworthalter.eth  -104234.105939252051 RDN
    0x1b4910b9f6a38106e95516c13a04eb4d02db41fd  104234.105939252051 RDN

2017-11-28 20:33:17 Transfer 0xfdfb629b48846636bd652f79be5f4e2c5711571fbfb2443be8691ec9f7cb6ed0
    ; 0x3f5ce5fbfe3e9af3971dd833d26ba9b5c936f0be  -470.43593351 ETH
    ; 0x57757e3d981446d585af0d9ae4d7df6d64647806   470.43593351 ETH
    0x3f5ce5fbfe3e9af3971dd833d26ba9b5c936f0be  -470.43593351 ETH
    assets:patricioworthalter.eth  470.43593351 ETH

2017-11-28 21:15:23 Transfer 0x975b97495445da46b5250cd1ac204fdadc12788f4d90738e9d5c07be42e16793
    ; 0x510b070c80ae38d081a3e357aceabcc05c5853c5  -746 ETH
    ; 0x57757e3d981446d585af0d9ae4d7df6d64647806   746 ETH
    0x510b070c80ae38d081a3e357aceabcc05c5853c5  -746 ETH
    assets:patricioworthalter.eth  746 ETH

2017-11-29 22:53:24 Transfer 0x09bbac789be9b9a0d435c4456d2c93d0c153547fefe577f9129ab6545244f6b7
    ; 0x3f5ce5fbfe3e9af3971dd833d26ba9b5c936f0be  -351.5968126 ETH
    ; 0x57757e3d981446d585af0d9ae4d7df6d64647806   351.5968126 ETH
    0x3f5ce5fbfe3e9af3971dd833d26ba9b5c936f0be  -351.5968126 ETH
    assets:patricioworthalter.eth  351.5968126 ETH

2017-11-29 23:06:40 Transfer 0x35d0f9002c368c493cf6162d8b5195d08fa89978fdc5854b5ac65b0f42f73113
    ; 0x510b070c80ae38d081a3e357aceabcc05c5853c5  -543 ETH
    ; 0x57757e3d981446d585af0d9ae4d7df6d64647806   543 ETH
    0x510b070c80ae38d081a3e357aceabcc05c5853c5  -543 ETH
    assets:patricioworthalter.eth  543 ETH

2017-11-29 23:36:18 Transfer 0xdb9205ad48d8b55580801df4d5e9851775b4e1a0dfa54861a8683d4a64c3938f
    ; 0x57757e3d981446d585af0d9ae4d7df6d64647806  -100000 RDN
    ; 0x1b4910b9f6a38106e95516c13a04eb4d02db41fd   100000 RDN
    assets:patricioworthalter.eth  -100000 RDN
    0x1b4910b9f6a38106e95516c13a04eb4d02db41fd  100000 RDN

2017-11-30 00:41:38 Transfer 0xbacf69ac126132d5e47596e4051f4ef647958985581c42e615244ee0f8a7e324
    ; 0xa95350d70b18fa29f6b5eb8d627ceeeee499340d  -1.27004850347 ETH
    ; 0xeb3b9f824c8551a58a427aeaaa1044866bb5e28e   1.27004850347 ETH
    0xa95350d70b18fa29f6b5eb8d627ceeeee499340d  -1.27004850347 ETH
    assets:worthalter.eth  1.27004850347 ETH

2017-11-30 23:52:21 Transfer 0xdd66253acb014e6d79679d8c9c2a66829c1b164199a9751d1c2d5bf8e73efd00
    ; 0x4e3bc0dc25c42ed2745bfc67f1d0daa52103c01a  -118.765 ETH
    ; 0xeb3b9f824c8551a58a427aeaaa1044866bb5e28e   118.765 ETH
    0x4e3bc0dc25c42ed2745bfc67f1d0daa52103c01a  -118.765 ETH
    assets:worthalter.eth  118.765 ETH

2017-12-01 16:19:06 Transfer 0x0d8aa4352e11d59a46d42e0924cfe8e58aecc5da84edbda4e75b4d32ba4f4433
    ; 0xeb3b9f824c8551a58a427aeaaa1044866bb5e28e  -118.765 ETH
    ; 0x46620c6adf3088fea839f06694a519fb7c5a78d2   118.765 ETH
    assets:worthalter.eth  -118.765 ETH
    0x46620c6adf3088fea839f06694a519fb7c5a78d2  118.765 ETH

2017-12-01 21:20:06 Transfer 0xcae3fa03eeb52a1dfcff6a51bb199e52f9f25573689195cd36a091219425ccaa
    ; 0x32be343b94f860124dc4fee278fdcbd38c102d88  -2.495 ETH
    ; 0xeb3b9f824c8551a58a427aeaaa1044866bb5e28e   2.495 ETH
    0x32be343b94f860124dc4fee278fdcbd38c102d88  -2.495 ETH
    assets:worthalter.eth  2.495 ETH

2017-12-05 02:00:35 Transfer 0x4833c01126373aaba0861d36d35c3644c6dc08618ac277c6605ca6731f09a852
    ; 0x3f5ce5fbfe3e9af3971dd833d26ba9b5c936f0be  -40 ETH
    ; 0x57757e3d981446d585af0d9ae4d7df6d64647806   40 ETH
    0x3f5ce5fbfe3e9af3971dd833d26ba9b5c936f0be  -40 ETH
    assets:patricioworthalter.eth  40 ETH

2017-12-07 22:22:51 Transfer 0x8412b3b474f4004eb4365068d65cad0c1eee2b4aa19f9be5eaacf0c27123ae82
    ; 0x71a18e50e9a9bbef431025c9fa6ad4f0e69c494c  -38499.80097703307 DRGN
    ; 0x57757e3d981446d585af0d9ae4d7df6d64647806   38499.800977033071 DRGN
    0x71a18e50e9a9bbef431025c9fa6ad4f0e69c494c  -38499.800977033071 DRGN
    assets:patricioworthalter.eth  38499.800977033071 DRGN

2017-12-08 01:24:06 Transfer 0xd02c7eeac53da621e8b29e716c75a264eb9bc693323ca718845cb4b49a2897bb
    ; 0x4e3bc0dc25c42ed2745bfc67f1d0daa52103c01a  -120.19 ETH
    ; 0xeb3b9f824c8551a58a427aeaaa1044866bb5e28e   120.19 ETH
    0x4e3bc0dc25c42ed2745bfc67f1d0daa52103c01a  -120.19 ETH
    assets:worthalter.eth  120.19 ETH

2017-12-11 17:08:25 Transfer 0x796b4998f9778db48fc089aa7d672b7e3e61cec8a9ab7aaecc2287c7ff575830
    ; 0xeb3b9f824c8551a58a427aeaaa1044866bb5e28e  -120.19 ETH
    ; 0xdb9bbe5d1ea959f8e572c0a2ddc3e4cd5d1c7596   120.19 ETH
    assets:worthalter.eth  -120.19 ETH
    0xdb9bbe5d1ea959f8e572c0a2ddc3e4cd5d1c7596  120.19 ETH

2017-12-13 17:33:22 Transfer 0x1a547f42a8ba95fa1334d7a8e1402307c036c5a31c7d2b0dc8eb5c237ed70712
    ; 0xeb3b9f824c8551a58a427aeaaa1044866bb5e28e  -50000 OMG
    ; 0xc1c81c98749f72893a95649d1b5cfe8ff83fed02   50000 OMG
    assets:worthalter.eth  -50000 OMG
    0xc1c81c98749f72893a95649d1b5cfe8ff83fed02  50000 OMG

2017-12-14 06:41:13 Transfer 0x353e0fddc4adf73cc6de2d1c5ee2f31102f1bcb81be5e5e58ce031ebc4e7aa07
    ; 0x4e3bc0dc25c42ed2745bfc67f1d0daa52103c01a  -127.86 ETH
    ; 0xeb3b9f824c8551a58a427aeaaa1044866bb5e28e   127.86 ETH
    0x4e3bc0dc25c42ed2745bfc67f1d0daa52103c01a  -127.86 ETH
    assets:worthalter.eth  127.86 ETH

2017-12-16 16:59:42 Transfer 0xc3744c412244002fb59afcf55a7348645243a1ad3e104d9aada95afb5bd403c5
    ; 0xeb3b9f824c8551a58a427aeaaa1044866bb5e28e  -127.8 ETH
    ; 0x0c43bddce695b09bd14b07ec3195a9cd9f2b7d3a   127.8 ETH
    assets:worthalter.eth  -127.8 ETH
    0x0c43bddce695b09bd14b07ec3195a9cd9f2b7d3a  127.8 ETH

2017-12-16 17:02:03 Transfer 0xb44564820095bb21e28fe263d5e4a4b55744f99b79fa5af2aeb7ee5da41dc71b
    ; 0xeb3b9f824c8551a58a427aeaaa1044866bb5e28e  -1 ETH
    ; 0xc3de2e58a76c9aed8727c6014f0ad2219fca98c6   1 ETH
    assets:worthalter.eth  -1 ETH
    0xc3de2e58a76c9aed8727c6014f0ad2219fca98c6  1 ETH

2017-12-16 17:04:26 Transfer 0xdd3abc63b3c980ce448f3667c4c4f7b2da1dc69e25096f5699880e58af6f1e94
    ; 0xeb3b9f824c8551a58a427aeaaa1044866bb5e28e  -2 OMG
    ; 0xc3de2e58a76c9aed8727c6014f0ad2219fca98c6   2 OMG
    assets:worthalter.eth  -2 OMG
    0xc3de2e58a76c9aed8727c6014f0ad2219fca98c6  2 OMG

2017-12-26 08:41:45 0xf190ac5f 0xd1db3547bb77ef45564f1ad8a16bef4916fe48f65c55de1c4fc55a07f6182749
    ; 0x0000000000000000000000000000000000000000  -1 CAT
    ; 0x57757e3d981446d585af0d9ae4d7df6d64647806   1 CAT
    expense:fees  -1 CAT
    assets:patricioworthalter.eth  1 CAT

2017-12-26 09:40:53 0xf190ac5f 0x65af17f467a915f6f3ace64c607cbf203989c4b6770d4ab802783531f12f8f51
    ; 0x0000000000000000000000000000000000000000  -1 CAT
    ; 0xeb3b9f824c8551a58a427aeaaa1044866bb5e28e   1 CAT
    expense:fees  -1 CAT
    assets:worthalter.eth  1 CAT

2017-12-28 23:33:18 Transfer 0x88b7192f0aa6f9ec8e61cb96e576676fec09a6a872a10ed5118071ada3ec2881
    ; 0x4e3bc0dc25c42ed2745bfc67f1d0daa52103c01a  -4.2 ETH
    ; 0xeb3b9f824c8551a58a427aeaaa1044866bb5e28e   4.2 ETH
    0x4e3bc0dc25c42ed2745bfc67f1d0daa52103c01a  -4.2 ETH
    assets:worthalter.eth  4.2 ETH

2018-01-03 03:22:16 Transfer 0x0d6c328b0684734329797485b6b6991d49043e649f163ad3d8b4ec3bfbdeae1a
    ; 0x57757e3d981446d585af0d9ae4d7df6d64647806  -700 ETH
    ; 0x486a28815a35a637e3f668783fb8538af1a4459f   700 ETH
    assets:patricioworthalter.eth  -700 ETH
    0x486a28815a35a637e3f668783fb8538af1a4459f  700 ETH

2018-01-05 03:46:23 Transfer 0x4d84d08281726216ba603bc29e7907b5b52cdf092d31aa68e4757269b10e2ec7
    ; 0x57757e3d981446d585af0d9ae4d7df6d64647806  -0.65 ETH
    ; 0xdd9e2e4659dd1096e47a78d2987cc2dfd43e98c6   0.65 ETH
    assets:patricioworthalter.eth  -0.65 ETH
    0xdd9e2e4659dd1096e47a78d2987cc2dfd43e98c6  0.65 ETH

2018-01-06 23:48:05 Transfer 0x878ccff385c1fc8131d522fdd95f2f5bbef5f091a1448ced408eca642e71fe61
    ; 0x57757e3d981446d585af0d9ae4d7df6d64647806  -1001 ETH
    ; 0xe7a1918a4da44c413b767ff0b38a5dc6dd252747   1001 ETH
    assets:patricioworthalter.eth  -1001 ETH
    0xe7a1918a4da44c413b767ff0b38a5dc6dd252747  1001 ETH

2018-01-06 23:52:38 Transfer 0xae339ce91328c7836a3dbfb680f57017c1d5237c145e3552c7b9c2fd3e25a4b2
    ; 0x57757e3d981446d585af0d9ae4d7df6d64647806  -1001 ETH
    ; 0x0d8224f1ef91c8fe2efdd89e7a87b0ffdcfd5ecc   1001 ETH
    assets:patricioworthalter.eth  -1001 ETH
    0x0d8224f1ef91c8fe2efdd89e7a87b0ffdcfd5ecc  1001 ETH

2018-01-07 22:56:52 Transfer 0x30d1b74d8a96d095cc0561bbd90a67ff7ed4463bd7eef05d585aedb77c8d4028
    ; 0xa95350d70b18fa29f6b5eb8d627ceeeee499340d  -0.69 ETH
    ; 0xeb3b9f824c8551a58a427aeaaa1044866bb5e28e   0.69 ETH
    0xa95350d70b18fa29f6b5eb8d627ceeeee499340d  -0.69 ETH
    assets:worthalter.eth  0.69 ETH

2018-01-09 00:38:15 Transfer 0x71646edbbf5833417e42eed6044014e8bb73e4aa100535d76d167146e1ffa73c
    ; 0x0d8224f1ef91c8fe2efdd89e7a87b0ffdcfd5ecc  -550.233797476719 ETH
    ; 0x57757e3d981446d585af0d9ae4d7df6d64647806   550.233797476719 ETH
    0x0d8224f1ef91c8fe2efdd89e7a87b0ffdcfd5ecc  -550.233797476719 ETH
    assets:patricioworthalter.eth  550.233797476719 ETH

2018-01-09 00:43:41 Transfer 0x480b88cf1276fd47151b0b25c5b631b4a76906f9201468c098f53517af45f8b5
    ; 0x8fc93bfcb483155202b712bebab10f4b85d02a6c  -363.679134156308 ETH
    ; 0x57757e3d981446d585af0d9ae4d7df6d64647806   363.679134156308 ETH
    0x8fc93bfcb483155202b712bebab10f4b85d02a6c  -363.679134156308 ETH
    assets:patricioworthalter.eth  363.679134156308 ETH

2018-01-09 00:49:48 Transfer 0xee8fdf4338183c54eafdf2a1d0d096950e2b7206818d1f446efe4bb343af096b
    ; 0xe7a1918a4da44c413b767ff0b38a5dc6dd252747  -550.133293476719 ETH
    ; 0x57757e3d981446d585af0d9ae4d7df6d64647806   550.133293476719 ETH
    0xe7a1918a4da44c413b767ff0b38a5dc6dd252747  -550.133293476719 ETH
    assets:patricioworthalter.eth  550.133293476719 ETH

2018-01-09 01:26:47 Transfer 0xbf3f548fdcc1ec441b4a5d3dbfe39107d6cf1c887fa94f4d33ce6f8f327137f1
    ; 0xa1ce16e535a54513f51c209f1979c8bf64544986  -110.637825502343 ETH
    ; 0x57757e3d981446d585af0d9ae4d7df6d64647806   110.637825502343 ETH
    0xa1ce16e535a54513f51c209f1979c8bf64544986  -110.637825502343 ETH
    assets:patricioworthalter.eth  110.637825502343 ETH

2018-01-09 01:28:20 Transfer 0xafc3a17ca2484c48927687ce561f9413619f71fc4eaba73e2f8b54eaf3c69c8f
    ; 0xeb3b9f824c8551a58a427aeaaa1044866bb5e28e  -379 ETH
    ; 0x57757e3d981446d585af0d9ae4d7df6d64647806   379 ETH
    assets:worthalter.eth  -379 ETH
    assets:patricioworthalter.eth  379 ETH

2018-01-09 01:33:19 Transfer 0xfc987a6278b57b14de06effb77b031f820d57a41f2711cef1aceb323f6319281
    ; 0x510b070c80ae38d081a3e357aceabcc05c5853c5  -416 ETH
    ; 0x57757e3d981446d585af0d9ae4d7df6d64647806   416 ETH
    0x510b070c80ae38d081a3e357aceabcc05c5853c5  -416 ETH
    assets:patricioworthalter.eth  416 ETH

2018-01-11 01:51:15 Transfer 0x8ea23d91e01369489cad2a5667a5fb0ca164e94e6d0cfaca0a9772d650e29953
    ; 0xeb3b9f824c8551a58a427aeaaa1044866bb5e28e  -19998 OMG
    ; 0x1b4910b9f6a38106e95516c13a04eb4d02db41fd   19998 OMG
    assets:worthalter.eth  -19998 OMG
    0x1b4910b9f6a38106e95516c13a04eb4d02db41fd  19998 OMG

2018-01-19 22:26:03 Transfer 0x1f017b51e697c64bd67112de4ee63c4d3c9a47cecd081fbb91108323fb8a52fc
    ; 0xfbb1b73c4f0bda4f67dca266ce6ef42f520fbb98  -0.23 ETH
    ; 0x57757e3d981446d585af0d9ae4d7df6d64647806   0.23 ETH
    0xfbb1b73c4f0bda4f67dca266ce6ef42f520fbb98  -0.23 ETH
    assets:patricioworthalter.eth  0.23 ETH

2018-01-20 21:33:40 Transfer 0xf0d9dab1bdeb241e151e8b622e83893272c1295fb3982f6f01f0896808caedc1
    ; 0xeb3b9f824c8551a58a427aeaaa1044866bb5e28e  -30000 OMG
    ; 0x1b4910b9f6a38106e95516c13a04eb4d02db41fd   30000 OMG
    assets:worthalter.eth  -30000 OMG
    0x1b4910b9f6a38106e95516c13a04eb4d02db41fd  30000 OMG

2018-01-29 14:14:40 Transfer 0xc7e0b72f61ea9b4562d7bc14861d893c0415ca4e4d2d05cefac1777a412f0473
    ; 0xeb3b9f824c8551a58a427aeaaa1044866bb5e28e  -20000 OMG
    ; 0xc1c81c98749f72893a95649d1b5cfe8ff83fed02   20000 OMG
    assets:worthalter.eth  -20000 OMG
    0xc1c81c98749f72893a95649d1b5cfe8ff83fed02  20000 OMG

2018-02-08 02:32:36 Transfer 0x489535414edd618182685bc57194796b93a8200d109aea4e8c87f6d2f764ed19
    ; 0x57757e3d981446d585af0d9ae4d7df6d64647806  -70 ETH
    ; 0xf811fe4c301c22415a1cc2028df6d558dcb3f27b   70 ETH
    assets:patricioworthalter.eth  -70 ETH
    0xf811fe4c301c22415a1cc2028df6d558dcb3f27b  70 ETH

2018-02-08 19:26:23 Transfer 0x1053f767d4fbd6a6a05c46f418aa1113efa759a32a81aaa082d9432a1bcf0010
    ; 0x57757e3d981446d585af0d9ae4d7df6d64647806  -200 ETH
    ; 0xc3b9ebb60fe117a2b43bbf95e1f8db0b284bdf14   200 ETH
    assets:patricioworthalter.eth  -200 ETH
    0xc3b9ebb60fe117a2b43bbf95e1f8db0b284bdf14  200 ETH

2018-02-09 19:57:53 Transfer 0x30470401b499b41cb921368963ebf6da1ea06536189e03e9a8a5412041a529a4
    ; 0x57757e3d981446d585af0d9ae4d7df6d64647806  -300 ETH
    ; 0xc3b9ebb60fe117a2b43bbf95e1f8db0b284bdf14   300 ETH
    assets:patricioworthalter.eth  -300 ETH
    0xc3b9ebb60fe117a2b43bbf95e1f8db0b284bdf14  300 ETH

2018-02-10 21:05:32 Transfer 0x7c3f31d4444874b3bc0d23553c5b5e6b85e8b8f50476276e4845ff172014f4a5
    ; 0x57757e3d981446d585af0d9ae4d7df6d64647806  -0.1 ETH
    ; 0x5b13430b6d2e327dfcdb93d7430fc6e9a2e63e74   0.1 ETH
    assets:patricioworthalter.eth  -0.1 ETH
    0x5b13430b6d2e327dfcdb93d7430fc6e9a2e63e74  0.1 ETH

2018-02-13 20:19:42 Transfer 0x3f261c88ebaf1f1edd1ea8c385c81dd4620972068d3c9ebe2833510a8585662c
    ; 0x57757e3d981446d585af0d9ae4d7df6d64647806  -500 ETH
    ; 0xc3b9ebb60fe117a2b43bbf95e1f8db0b284bdf14   500 ETH
    assets:patricioworthalter.eth  -500 ETH
    0xc3b9ebb60fe117a2b43bbf95e1f8db0b284bdf14  500 ETH

2018-02-13 23:22:12 Transfer 0x37bcea21f06dcbb2023d8432776a817bab296fea304debd944026d9f515689ff
    ; 0x57757e3d981446d585af0d9ae4d7df6d64647806  -0.6682 ETH
    ; 0x21357b3dcb7ae07da23a708dbbd9a2340001a3f4   0.6682 ETH
    assets:patricioworthalter.eth  -0.6682 ETH
    0x21357b3dcb7ae07da23a708dbbd9a2340001a3f4  0.6682 ETH

2018-02-15 04:48:27 Transfer 0x618a5fffa71552dc61d7d165c4badc8a6eff87be3a9309ed0f2369684d6b8be5
    ; 0x57757e3d981446d585af0d9ae4d7df6d64647806  -626 ETH
    ; 0xc3b9ebb60fe117a2b43bbf95e1f8db0b284bdf14   626 ETH
    assets:patricioworthalter.eth  -626 ETH
    0xc3b9ebb60fe117a2b43bbf95e1f8db0b284bdf14  626 ETH

2018-02-15 16:51:10 Transfer 0x90aa44a1d9ff3e688ec543417ebbf543d03c2c11cbe38bf5f6c8bbd1c99cd31e
    ; 0x3f5ce5fbfe3e9af3971dd833d26ba9b5c936f0be  -723.21285696 ETH
    ; 0x57757e3d981446d585af0d9ae4d7df6d64647806   723.21285696 ETH
    0x3f5ce5fbfe3e9af3971dd833d26ba9b5c936f0be  -723.21285696 ETH
    assets:patricioworthalter.eth  723.21285696 ETH

2018-02-21 00:45:05 Transfer 0x1fd92ab039fe377ac8b5dcf23d18823c2c28eb436b26eae7b17c3713eb79bc4f
    ; 0x57757e3d981446d585af0d9ae4d7df6d64647806  -500 ETH
    ; 0x6628ceaf3376dbae7b49f53fe69a49c151c9f6bb   500 ETH
    assets:patricioworthalter.eth  -500 ETH
    0x6628ceaf3376dbae7b49f53fe69a49c151c9f6bb  500 ETH

2018-02-23 10:18:36 Transfer 0x84bbbe02f890c27263ca420255dec1f2120dc1ab32a86a104bdacdffbf00aeb6
    ; 0x57757e3d981446d585af0d9ae4d7df6d64647806  -50 ETH
    ; 0x621a7807ebd9454e0f1b3006edef702487fed307   50 ETH
    assets:patricioworthalter.eth  -50 ETH
    0x621a7807ebd9454e0f1b3006edef702487fed307  50 ETH

2018-02-27 00:35:24 Transfer 0xe5e2505b40402ea26b97d27268b5420e80cfcd6933fdfb7afe71d554b20b6bdf
    ; 0x510b070c80ae38d081a3e357aceabcc05c5853c5  -399 ETH
    ; 0x57757e3d981446d585af0d9ae4d7df6d64647806   399 ETH
    0x510b070c80ae38d081a3e357aceabcc05c5853c5  -399 ETH
    assets:patricioworthalter.eth  399 ETH

2018-03-01 00:01:08 Transfer 0xfc093a6b634d5c4cf8f2c0e7d5bb00825eef29e3f66fce0e64228f47053df4b5
    ; 0x57757e3d981446d585af0d9ae4d7df6d64647806  -300 ETH
    ; 0x6bc606ae96d5faf7cace2280889df09886db9c81   300 ETH
    assets:patricioworthalter.eth  -300 ETH
    0x6bc606ae96d5faf7cace2280889df09886db9c81  300 ETH

2018-03-01 05:15:48 Transfer 0x05e69b7df44de3f9535a11b453f268b0e826ca1d45e57cef3b4b41f95ad91cf6
    ; 0xffbffe2a8926cc1dd4ff307961e99e9a2586a698  -287.75 ETH
    ; 0x57757e3d981446d585af0d9ae4d7df6d64647806   287.75 ETH
    0xffbffe2a8926cc1dd4ff307961e99e9a2586a698  -287.75 ETH
    assets:patricioworthalter.eth  287.75 ETH

2018-03-02 15:17:39 Transfer 0x55bc544da45ea9393732177c10a428f10c7aa8ce7743ee79d8dd8a141ba1f741
    ; 0x57757e3d981446d585af0d9ae4d7df6d64647806  -10 ETH
    ; 0x8a0ad287ec303e1d660b0518f9cd30ba2eae0db4   10 ETH
    assets:patricioworthalter.eth  -10 ETH
    0x8a0ad287ec303e1d660b0518f9cd30ba2eae0db4  10 ETH

2018-03-02 15:24:06 Transfer 0x5e8ccdd4a6afa68a20a2e5cd00dee70952f03c2f575f0582057f37e58441db08
    ; 0x57757e3d981446d585af0d9ae4d7df6d64647806  -250 ETH
    ; 0x6bc606ae96d5faf7cace2280889df09886db9c81   250 ETH
    assets:patricioworthalter.eth  -250 ETH
    0x6bc606ae96d5faf7cace2280889df09886db9c81  250 ETH

2018-03-11 19:55:58 Transfer 0xcbed216d9a7967192e5968204cc27840576aea40a4452bbd991b8cf995e39cf0
    ; 0xeb3b9f824c8551a58a427aeaaa1044866bb5e28e  -40000 OMG
    ; 0xc1c81c98749f72893a95649d1b5cfe8ff83fed02   40000 OMG
    assets:worthalter.eth  -40000 OMG
    0xc1c81c98749f72893a95649d1b5cfe8ff83fed02  40000 OMG

2018-03-11 19:57:27 Transfer 0xa8fff5bd140fb80924ea4250b9cebfe04dd06cee1f396539a35139521acf0850
    ; 0xeb3b9f824c8551a58a427aeaaa1044866bb5e28e  -40000 OMG
    ; 0x1b4910b9f6a38106e95516c13a04eb4d02db41fd   40000 OMG
    assets:worthalter.eth  -40000 OMG
    0x1b4910b9f6a38106e95516c13a04eb4d02db41fd  40000 OMG

2018-03-13 03:37:47 Transfer 0x8e62d17e2201f073765d9a2894a1aa1da3d13eb72c055d9885654853bfc3a2b3
    ; 0x0681d8db095565fe8a346fa0277bffde9c0edbbf  -46 ETH
    ; 0xf6b6f07862a02c85628b3a9688beae07fea9c863   46 ETH
    0x0681d8db095565fe8a346fa0277bffde9c0edbbf  -46 ETH
    assets:poap.xyz  46 ETH

2018-03-13 03:40:07 Transfer 0x8fdced44755bc3d10cdd88050379a91fd91156bfb23c8f0b649b58bb6587dfc3
    ; 0xfbb1b73c4f0bda4f67dca266ce6ef42f520fbb98  -4 ETH
    ; 0xf6b6f07862a02c85628b3a9688beae07fea9c863   4 ETH
    0xfbb1b73c4f0bda4f67dca266ce6ef42f520fbb98  -4 ETH
    assets:poap.xyz  4 ETH

2018-03-13 03:41:12 Transfer 0xc8f57579d80545aeccc3675b5ae68f786d9bacedd9079c57e54c76ab8ceaa81a
    ; 0xeb574cd5a407fefa5610fcde6aec13d983ba527c  -10 ETH
    ; 0xf6b6f07862a02c85628b3a9688beae07fea9c863   10 ETH
    0xeb574cd5a407fefa5610fcde6aec13d983ba527c  -10 ETH
    assets:poap.xyz  10 ETH

2018-03-13 03:46:13 Transfer 0xfe62d192f2edc776ecdd9db349da8f41b7217de9b2b355f273b8608b5270dd34
    ; 0xfbb1b73c4f0bda4f67dca266ce6ef42f520fbb98  -10 ETH
    ; 0xf6b6f07862a02c85628b3a9688beae07fea9c863   10 ETH
    0xfbb1b73c4f0bda4f67dca266ce6ef42f520fbb98  -10 ETH
    assets:poap.xyz  10 ETH

2018-03-13 06:33:33 Transfer 0x48311b37694d0a9b3630ed068baae5afe3f9ffcd4db331ae83a66eb7e1f7b159
    ; 0x4e3bc0dc25c42ed2745bfc67f1d0daa52103c01a  -72.05 ETH
    ; 0xf6b6f07862a02c85628b3a9688beae07fea9c863   72.05 ETH
    0x4e3bc0dc25c42ed2745bfc67f1d0daa52103c01a  -72.05 ETH
    assets:poap.xyz  72.05 ETH

2018-03-15 18:21:02 Transfer 0xf58bd7eab6bc144e090211038f3447bf5048d5888082a794961726fdf01be8ac
    ; 0x57757e3d981446d585af0d9ae4d7df6d64647806  -72.05 ETH
    ; 0x46c35e9d5733065ebe4d99eb2785cdb78a794c9b   72.05 ETH
    assets:patricioworthalter.eth  -72.05 ETH
    0x46c35e9d5733065ebe4d99eb2785cdb78a794c9b  72.05 ETH

2018-03-15 19:21:38 Transfer 0xbf965adb7218e4af6b5f93f40f8600bc96063d40252e32a405afe2dc9078f5e7
    ; 0x57757e3d981446d585af0d9ae4d7df6d64647806  -100 ETH
    ; 0x8d397f69c0b237b8dd98fdb7ba553208aafe9864   100 ETH
    assets:patricioworthalter.eth  -100 ETH
    0x8d397f69c0b237b8dd98fdb7ba553208aafe9864  100 ETH

2018-03-15 20:28:08 Transfer 0x23f1380473c963d90d09e84bd68edb074641463ca9db5b98c1dddb8d41ef3a26
    ; 0x57757e3d981446d585af0d9ae4d7df6d64647806  -200 ETH
    ; 0x083bf340594b1a0d88578ad21eb913d1232b881b   200 ETH
    assets:patricioworthalter.eth  -200 ETH
    0x083bf340594b1a0d88578ad21eb913d1232b881b  200 ETH

2018-03-17 21:23:32 Transfer 0x1c08a6e4bfa792c734506b413530504329159bcc4e808ec7fcc784173c9a9365
    ; 0xf37e03597678da2206ab812f08e690b979a68614  -16.5 ETH
    ; 0x57757e3d981446d585af0d9ae4d7df6d64647806   16.5 ETH
    0xf37e03597678da2206ab812f08e690b979a68614  -16.5 ETH
    assets:patricioworthalter.eth  16.5 ETH

2018-03-18 17:01:28 Transfer 0x014abe0c05ea7b60703de21d7f40c68c7600a882105014cdd36e93e0d746f73d
    ; 0x57757e3d981446d585af0d9ae4d7df6d64647806  -71.5 ETH
    ; 0x8d397f69c0b237b8dd98fdb7ba553208aafe9864   71.5 ETH
    assets:patricioworthalter.eth  -71.5 ETH
    0x8d397f69c0b237b8dd98fdb7ba553208aafe9864  71.5 ETH

2018-03-19 20:50:15 Transfer 0xfd9128697049f17a62efd5827ad64589c48c981381d78a3d33497f119b98a959
    ; 0x0681d8db095565fe8a346fa0277bffde9c0edbbf  -812.158 ETH
    ; 0x57757e3d981446d585af0d9ae4d7df6d64647806   812.158 ETH
    0x0681d8db095565fe8a346fa0277bffde9c0edbbf  -812.158 ETH
    assets:patricioworthalter.eth  812.158 ETH

2018-03-19 22:47:17 Transfer 0xa25bf4b191ee4574895c88b985bc40d64d520c2da1c2884e42b428a704cdb500
    ; 0xf6b6f07862a02c85628b3a9688beae07fea9c863  -50 ETH
    ; 0xd9f5c00497588d02681293197fa8408ffae2d285   50 ETH
    assets:poap.xyz  -50 ETH
    0xd9f5c00497588d02681293197fa8408ffae2d285  50 ETH

2018-03-20 00:08:06 Transfer 0x9ed423da2463e5e1d01170c4d931df8dfe59c64edc3452ffea64fd12c7c79284
    ; 0x510b070c80ae38d081a3e357aceabcc05c5853c5  -800 ETH
    ; 0x57757e3d981446d585af0d9ae4d7df6d64647806   800 ETH
    0x510b070c80ae38d081a3e357aceabcc05c5853c5  -800 ETH
    assets:patricioworthalter.eth  800 ETH

2018-03-20 16:45:50 Transfer 0xd51181bde7ac03e31365c7396364a2aee9316e0e744b4b4ae3379cc922fb7065
    ; 0xd551234ae421e3bcba99a0da6d736074f22192ff  -10 ETH
    ; 0xf6b6f07862a02c85628b3a9688beae07fea9c863   10 ETH
    0xd551234ae421e3bcba99a0da6d736074f22192ff  -10 ETH
    assets:poap.xyz  10 ETH

2018-03-21 10:34:06 Transfer 0x34830992ad56945399ff84ff7f9f0de0b0b0ffdb5bc97ee4f0f95a660efc1fb3
    ; 0x332bef4530c8ce00f7ca955f1be41f9f83727d64  -50 ETH
    ; 0x57757e3d981446d585af0d9ae4d7df6d64647806   50 ETH
    0x332bef4530c8ce00f7ca955f1be41f9f83727d64  -50 ETH
    assets:patricioworthalter.eth  50 ETH

2018-03-21 17:54:45 Transfer 0x31b74230bf945eb6a28240119b8744aed23693113916da2e28811bfbf0cb652b
    ; 0xf6b6f07862a02c85628b3a9688beae07fea9c863  -50 ETH
    ; 0x8a0ad287ec303e1d660b0518f9cd30ba2eae0db4   50 ETH
    assets:poap.xyz  -50 ETH
    0x8a0ad287ec303e1d660b0518f9cd30ba2eae0db4  50 ETH

2018-03-21 22:44:06 Transfer 0x32629851353679eaddacf520c19bee87d0f03be5331906e501c66017a5451e23
    ; 0xeb3b9f824c8551a58a427aeaaa1044866bb5e28e  -50000 OMG
    ; 0x1b4910b9f6a38106e95516c13a04eb4d02db41fd   50000 OMG
    assets:worthalter.eth  -50000 OMG
    0x1b4910b9f6a38106e95516c13a04eb4d02db41fd  50000 OMG

2018-03-21 22:55:05 Transfer 0xffb106a2e6a74e6e1df0e0a3820fc9dbadb3a6e8bf26e0d07f137f280eb85cab
    ; 0xf6b6f07862a02c85628b3a9688beae07fea9c863  -50 ETH
    ; 0xd9f5c00497588d02681293197fa8408ffae2d285   50 ETH
    assets:poap.xyz  -50 ETH
    0xd9f5c00497588d02681293197fa8408ffae2d285  50 ETH

2018-03-22 15:45:48 Transfer 0x8eec717b5978c52c4db4a945a62f88805bbc361e69f80d8184c7bef5a167f4e8
    ; 0xd551234ae421e3bcba99a0da6d736074f22192ff  -1000 ETH
    ; 0x57757e3d981446d585af0d9ae4d7df6d64647806   1000 ETH
    0xd551234ae421e3bcba99a0da6d736074f22192ff  -1000 ETH
    assets:patricioworthalter.eth  1000 ETH

2018-03-22 15:55:07 Transfer 0x1f798a79cfe4be8400d3b1bd1cbe107b4977df5cd7d54a70292fa91996ac6f15
    ; 0x3f5ce5fbfe3e9af3971dd833d26ba9b5c936f0be  -72 ETH
    ; 0xf6b6f07862a02c85628b3a9688beae07fea9c863   72 ETH
    0x3f5ce5fbfe3e9af3971dd833d26ba9b5c936f0be  -72 ETH
    assets:poap.xyz  72 ETH

2018-03-22 16:10:11 Transfer 0x72053f54428bb0a71b6627ad027754cfc80d85e18e6ade395898226f746adb74
    ; 0xf6b6f07862a02c85628b3a9688beae07fea9c863  -70 ETH
    ; 0xd9f5c00497588d02681293197fa8408ffae2d285   70 ETH
    assets:poap.xyz  -70 ETH
    0xd9f5c00497588d02681293197fa8408ffae2d285  70 ETH

2018-03-22 20:16:29 Transfer 0x38d8192b3cb8379340b32cebc7a51ec3873c3cc2a37a2b6aa5da50d0ffa8087f
    ; 0x57757e3d981446d585af0d9ae4d7df6d64647806  -535 ETH
    ; 0xf6b6f07862a02c85628b3a9688beae07fea9c863   535 ETH
    assets:patricioworthalter.eth  -535 ETH
    assets:poap.xyz  535 ETH

2018-03-22 20:33:33 Transfer 0xd5e857ee4be430a1ebddddf0ac79c37e6cf820a070438d0e7abc3a78e6644479
    ; 0xf6b6f07862a02c85628b3a9688beae07fea9c863  -100 ETH
    ; 0x8a0ad287ec303e1d660b0518f9cd30ba2eae0db4   100 ETH
    assets:poap.xyz  -100 ETH
    0x8a0ad287ec303e1d660b0518f9cd30ba2eae0db4  100 ETH

2018-03-23 00:30:57 Transfer 0xfbfd4606a40cfc3a63d31e2f23f056a8982b51818cceebff1a6c6e97a09b6329
    ; 0x57757e3d981446d585af0d9ae4d7df6d64647806  -400.55158647389 ETH
    ; 0x1b4910b9f6a38106e95516c13a04eb4d02db41fd   400.55158647389 ETH
    assets:patricioworthalter.eth  -400.55158647389 ETH
    0x1b4910b9f6a38106e95516c13a04eb4d02db41fd  400.55158647389 ETH

2018-03-25 04:21:58 Transfer 0xdffe5e697bcd779c57c0a63fe98fdb84bb2c9c19df8d509777da257759c53157
    ; 0x4e3bc0dc25c42ed2745bfc67f1d0daa52103c01a  -94.5 ETH
    ; 0xf6b6f07862a02c85628b3a9688beae07fea9c863   94.5 ETH
    0x4e3bc0dc25c42ed2745bfc67f1d0daa52103c01a  -94.5 ETH
    assets:poap.xyz  94.5 ETH

2018-04-16 17:37:00 0x15ca65f0 0x1b1319d94413eb5e60c7f9e9f8110e48468f37433c0939aa73944a57c8da14ac
    ; 0x57757e3d981446d585af0d9ae4d7df6d64647806  -9.6263 ETH
    ; 0x8ad5b423096548ff65f4fc3c8bca404dea8c66eb   9.6263 ETH
    ; 0xd5be9efcc0fbea9b68fa8d1af641162bc92e83f2  -100.960140236 DGX
    ; 0x57757e3d981446d585af0d9ae4d7df6d64647806   100.960140236 DGX
    assets:patricioworthalter.eth  -9.6263 ETH
    assets:patricioworthalter.eth  100.960140236 DGX
    0x8ad5b423096548ff65f4fc3c8bca404dea8c66eb  9.6263 ETH
    0xd5be9efcc0fbea9b68fa8d1af641162bc92e83f2  -100.960140236 DGX

2018-04-17 22:08:02 0x15ca65f0 0x73c757a7dad09ac957f87955ea96b90552f415a032869b4dcfb8ac0dbee1b654
    ; 0x57757e3d981446d585af0d9ae4d7df6d64647806  -3 ETH
    ; 0x8ad5b423096548ff65f4fc3c8bca404dea8c66eb   3 ETH
    ; 0xd5be9efcc0fbea9b68fa8d1af641162bc92e83f2  -31.259602559 DGX
    ; 0x57757e3d981446d585af0d9ae4d7df6d64647806   31.259602559 DGX
    assets:patricioworthalter.eth  -3 ETH
    assets:patricioworthalter.eth  31.259602559 DGX
    0x8ad5b423096548ff65f4fc3c8bca404dea8c66eb  3 ETH
    0xd5be9efcc0fbea9b68fa8d1af641162bc92e83f2  -31.259602559 DGX

2018-04-21 02:47:16 0x17d3c7de 0x0b93a9a54fd6233b25fd33c00c23941a7dc0ff20a71fdb83183ee95cca3773f0
    ; 0x57757e3d981446d585af0d9ae4d7df6d64647806  -100 DGX
    ; 0x0000000000000000000000000000000000000000   100 DGX
    ; 0x57757e3d981446d585af0d9ae4d7df6d64647806  -1 DGX
    ; 0x2a0ee28b9c4349e6b719353edccca53c20b4efdb   1 DGX
    assets:patricioworthalter.eth  -101 DGX
    expense:fees  100 DGX
    0x2a0ee28b9c4349e6b719353edccca53c20b4efdb  1 DGX

2018-04-27 02:29:24 Swap 0x2b170aa347c08e03fb1bdcc242d20fab1365c017d06fa5bd26dcc2679238bae9
    ; 0x57757e3d981446d585af0d9ae4d7df6d64647806  -212 ETH
    ; 0xc02aaa39b223fe8d0a0e5c4f27ead9083c756cc2   212 ETH
    ; self account changes:
    ; ERROR! cannot infer trade
    ;   change: assets:patricioworthalter.eth  -212 ETH
    assets:patricioworthalter.eth  -212 ETH
    equity:trading:WETH-weth  212 ETH

2018-04-27 02:33:32 0xbc61394a 0xa4fdf466130372305eb7e7d0257ff1b3aaeb074a04246deedc38f9ca1f38779e
    ; 0x57757e3d981446d585af0d9ae4d7df6d64647806  -207.771347479768 WETH
    ; 0xac3f36e01f4928e411c4d26ab47d822361e8a228   207.771347479768 WETH
    ; 0xac3f36e01f4928e411c4d26ab47d822361e8a228  -3033158.35736888 FUN
    ; 0x57757e3d981446d585af0d9ae4d7df6d64647806   3033158.35736888 FUN
    assets:patricioworthalter.eth  -207.771347479768 WETH
    assets:patricioworthalter.eth  3033158.35736888 FUN
    0xac3f36e01f4928e411c4d26ab47d822361e8a228  207.771347479768 WETH
    0xac3f36e01f4928e411c4d26ab47d822361e8a228  -3033158.35736888 FUN

2018-04-28 03:30:03 Transfer 0x131b5eec84ed1634c496cf0cb1b0a2658425b03c89ef6bd3448550e6a268ad47
    ; 0xf6b6f07862a02c85628b3a9688beae07fea9c863  -500 ETH
    ; 0x1b4910b9f6a38106e95516c13a04eb4d02db41fd   500 ETH
    assets:poap.xyz  -500 ETH
    0x1b4910b9f6a38106e95516c13a04eb4d02db41fd  500 ETH

2018-05-06 18:19:37 Swap 0xb37cb4dbc430e4e3d0af7c3a9baa9dedba8031be555aab9c716247a8ead44d76
    ; 0x57757e3d981446d585af0d9ae4d7df6d64647806  -204 ETH
    ; 0xc02aaa39b223fe8d0a0e5c4f27ead9083c756cc2   204 ETH
    ; self account changes:
    ; ERROR! cannot infer trade
    ;   change: assets:patricioworthalter.eth  -204 ETH
    assets:patricioworthalter.eth  -204 ETH
    equity:trading:WETH-weth  204 ETH

2018-05-06 18:20:34 0xbc61394a 0x8c86cf68cb28de3fb5792335e00c4c38a2a75f2911a8f3ef650a8414a325faa8
    ; 0x57757e3d981446d585af0d9ae4d7df6d64647806  -203.060999902289 WETH
    ; 0x4db029f12e39f099523c05f6a8709df1efbc5873   203.060999902289 WETH
    ; 0x4db029f12e39f099523c05f6a8709df1efbc5873  -3172828.12347327 FUN
    ; 0x57757e3d981446d585af0d9ae4d7df6d64647806   3172828.12347327 FUN
    assets:patricioworthalter.eth  -203.060999902289 WETH
    assets:patricioworthalter.eth  3172828.12347327 FUN
    0x4db029f12e39f099523c05f6a8709df1efbc5873  203.060999902289 WETH
    0x4db029f12e39f099523c05f6a8709df1efbc5873  -3172828.12347327 FUN

2018-05-06 18:34:56 Transfer 0x93e9b22de0d4d951bbde05481b8097fb48bcc20577fd8adcd74f5baeb2ddb361
    ; 0x57757e3d981446d585af0d9ae4d7df6d64647806  -350000 RDN
    ; 0x1b4910b9f6a38106e95516c13a04eb4d02db41fd   350000 RDN
    assets:patricioworthalter.eth  -350000 RDN
    0x1b4910b9f6a38106e95516c13a04eb4d02db41fd  350000 RDN

2018-05-08 20:34:50 Transfer 0x8eae643baa3011b4a5706de5cbdbce240eedd661b2f571931c2d45cf4584de76
    ; 0x46c35e9d5733065ebe4d99eb2785cdb78a794c9b  -7.2 ETH
    ; 0xeb3b9f824c8551a58a427aeaaa1044866bb5e28e   7.2 ETH
    0x46c35e9d5733065ebe4d99eb2785cdb78a794c9b  -7.2 ETH
    assets:worthalter.eth  7.2 ETH

2018-05-11 00:27:09 Swap 0xbb84a6cda464e066e78128284d499bbf0615c1c53bd3c20cc89fdee63a5affba
    ; 0x57757e3d981446d585af0d9ae4d7df6d64647806  -1 ETH
    ; 0x2a0c0dbecc7e4d658f48e01e3fa353f44050c208   1 ETH
    ; self account changes:
    ; ERROR! cannot infer trade
    ;   change: assets:patricioworthalter.eth  -1 ETH
    assets:patricioworthalter.eth  -1 ETH
    0x2a0c0dbecc7e4d658f48e01e3fa353f44050c208  1 ETH

2018-05-24 22:46:28 0x59b9a192 0x31c35f5267fb19b6f656c7ade835b1e98e51f155dccc6d6781b264c38bddfc8b
    ; 0xf6b6f07862a02c85628b3a9688beae07fea9c863  -0.045 ETH
    ; 0x054df44d9bf67e87e09de919086bf12633f6bcf5   0.045 ETH
    assets:poap.xyz  -0.045 ETH
    0x054df44d9bf67e87e09de919086bf12633f6bcf5  0.045 ETH

2018-05-28 03:43:30 Transfer 0x346d49b57c7b895430f40fdbc67e00b42f4aa84067bbdd2c54bcf48a0ff37496
    ; 0x21d7bb1a1e6663d705a87a556301abe7067acadd  -11.354902 ETH
    ; 0x57757e3d981446d585af0d9ae4d7df6d64647806   11.354902 ETH
    0x21d7bb1a1e6663d705a87a556301abe7067acadd  -11.354902 ETH
    assets:patricioworthalter.eth  11.354902 ETH

2018-06-03 20:37:38 0x7da5efc8 0x02628a90d880c6cfe61e15df094b3d39d4d1b00ae35149289360c482aa78ea18
    ; 0x84d069d3bef6c979bd248d494ab9102c6adb7c0e  -3 OCN
    ; 0xf6b6f07862a02c85628b3a9688beae07fea9c863   3 OCN
    0x84d069d3bef6c979bd248d494ab9102c6adb7c0e  -3 OCN
    assets:poap.xyz  3 OCN

2018-06-13 22:17:56 Transfer 0x780472f3714c4fc0ea24bd82e210476eaf63eccd0afd20687a425386e9ceef5c
    ; 0xf6b6f07862a02c85628b3a9688beae07fea9c863  -0.45 ETH
    ; 0x0b606d61ad93aa6c0cc33c7f95c8ebc13b225d89   0.45 ETH
    assets:poap.xyz  -0.45 ETH
    0x0b606d61ad93aa6c0cc33c7f95c8ebc13b225d89  0.45 ETH

2018-06-14 17:15:04 Transfer 0x1f149e93d3f2c416ae8796e1828d4ad735006dc96c235e5bc3126bcaf64222af
    ; 0x57757e3d981446d585af0d9ae4d7df6d64647806  -1050.66 ETH
    ; 0xb8a0f4aaa9166984db1fc2bc02c8ecfbc6196bba   1050.66 ETH
    assets:patricioworthalter.eth  -1050.66 ETH
    0xb8a0f4aaa9166984db1fc2bc02c8ecfbc6196bba  1050.66 ETH

2018-06-21 21:14:08 Transfer 0x681c4a144bfa68487bef11f28dee1fd1149ec8c2f09aff864b0362240ff1e8f2
    ; 0xf6b6f07862a02c85628b3a9688beae07fea9c863  -0.15214 ETH
    ; 0x4d8e260f1134ab1c1405850e3d40f040f69e99d0   0.15214 ETH
    assets:poap.xyz  -0.15214 ETH
    0x4d8e260f1134ab1c1405850e3d40f040f69e99d0  0.15214 ETH

2018-06-24 21:24:14 Transfer 0xb19598b4d5d28909a15ddef7f5dafecd2b688ab86c7d05a6ed2711ba2161bfed
    ; 0xf6b6f07862a02c85628b3a9688beae07fea9c863  -0.17005705 ETH
    ; 0x2134aa1a4afaa36e277813b376d0010504153748   0.17005705 ETH
    assets:poap.xyz  -0.17005705 ETH
    0x2134aa1a4afaa36e277813b376d0010504153748  0.17005705 ETH

2018-06-27 22:37:07 Transfer 0x3154c95c445098f2c64e0873f7fb64bf060f274263ccd034b038099f96025de5
    ; 0xf6b6f07862a02c85628b3a9688beae07fea9c863  -0.5 ETH
    ; 0x083bf340594b1a0d88578ad21eb913d1232b881b   0.5 ETH
    assets:poap.xyz  -0.5 ETH
    0x083bf340594b1a0d88578ad21eb913d1232b881b  0.5 ETH

2018-07-22 19:32:45 0xad8733ca 0x662304bf78ab3dd9d4595b6decd63add8ac825ede27d300917fe40c26aa31de2
    ; 0xc7304352548c192f6ba59ee15e3e1ae9a5605608  -32 GSE
    ; 0xf6b6f07862a02c85628b3a9688beae07fea9c863   32 GSE
    0xc7304352548c192f6ba59ee15e3e1ae9a5605608  -32 GSE
    assets:poap.xyz  32 GSE

2018-07-27 16:10:54 Transfer 0x20616c9bf4dab7f0916a62760c504639a1b9e79acea70757ea18276c30d8030b
    ; 0x564286362092d8e7936f0549571a803b203aaced  -52.533 ETH
    ; 0x57757e3d981446d585af0d9ae4d7df6d64647806   52.533 ETH
    0x564286362092d8e7936f0549571a803b203aaced  -52.533 ETH
    assets:patricioworthalter.eth  52.533 ETH

2018-07-29 21:10:45 0xf725839f 0xa7587c7569e4a07c0509a8dd2ff5e33159783c73c0e5eb8674d88b5845d8937b
    ; 0x8e306b005773bee6ba6a6e8972bc79d766cc15c8  -2.422863851927 LPT
    ; 0xeb3b9f824c8551a58a427aeaaa1044866bb5e28e   2.422863851927 LPT
    0x8e306b005773bee6ba6a6e8972bc79d766cc15c8  -2.422863851927 LPT
    assets:worthalter.eth  2.422863851927 LPT

2018-07-30 20:04:38 Transfer 0x8c091920c8ff7c34c6b553990d0010e77fb6b8bdbe82b1288c21d9929c981c69
    ; 0x57757e3d981446d585af0d9ae4d7df6d64647806  -434 ETH
    ; 0xb07646ecbb4fad311a8419b071984cd20e792fcb   434 ETH
    assets:patricioworthalter.eth  -434 ETH
    0xb07646ecbb4fad311a8419b071984cd20e792fcb  434 ETH

2018-08-07 02:22:16 Transfer 0xea0fe1c5ccb0f572aec0ba602d305b328be0085586782e83591664507b105986
    ; 0x897e3bc14ed74624a4ac2882cf52dfc4084a661b  -123.15 ETH
    ; 0xf6b6f07862a02c85628b3a9688beae07fea9c863   123.15 ETH
    0x897e3bc14ed74624a4ac2882cf52dfc4084a661b  -123.15 ETH
    assets:poap.xyz  123.15 ETH

2018-08-07 15:04:03 Transfer 0x33d16d3f79dfdc8d10d8c22f356603c8fc8a7f698df252a2e4b8817f1d88ce33
    ; 0xf6b6f07862a02c85628b3a9688beae07fea9c863  -2.90875 ETH
    ; 0x4dd6712b2580ef331ff07cce4ae19c1ea4695a38   2.90875 ETH
    assets:poap.xyz  -2.90875 ETH
    0x4dd6712b2580ef331ff07cce4ae19c1ea4695a38  2.90875 ETH

2018-08-18 16:06:42 0xad8733ca 0xf7307054ce1294014f47917cb5720a267fbed01bd2c29f281f83d4fb907632c4
    ; 0xc7304352548c192f6ba59ee15e3e1ae9a5605608  -7 GSE
    ; 0xeb3b9f824c8551a58a427aeaaa1044866bb5e28e   7 GSE
    0xc7304352548c192f6ba59ee15e3e1ae9a5605608  -7 GSE
    assets:worthalter.eth  7 GSE

2018-08-21 19:07:34 Transfer 0x1070aab4bbbff72984e8fe5af751ffd939a87c97f554896238eb98c473d1f4d0
    ; 0xf6b6f07862a02c85628b3a9688beae07fea9c863  -0.002 ETH
    ; 0x3f2c731cc46a40cfdf25cd43d068b82a62c6de52   0.002 ETH
    assets:poap.xyz  -0.002 ETH
    0x3f2c731cc46a40cfdf25cd43d068b82a62c6de52  0.002 ETH

2018-08-22 01:50:45 0xf725839f 0xfed1ecfc9707b749d83b3945c911b71da46b9aa472dbda79f6ff8d82c33791ac
    ; 0x8e306b005773bee6ba6a6e8972bc79d766cc15c8  -2.288792268802 LPT
    ; 0x57757e3d981446d585af0d9ae4d7df6d64647806   2.288792268802 LPT
    0x8e306b005773bee6ba6a6e8972bc79d766cc15c8  -2.288792268802 LPT
    assets:patricioworthalter.eth  2.288792268802 LPT

2018-09-03 21:29:24 Transfer 0xcabc3f7721d7298ed629e1ec01d29eccb6b1670d82607580a3787fe7a4cd4c06
    ; 0x19b8139bfd07ee16a48f6308ba9681a1cbafa9b3  -82.35498531 ETH
    ; 0x57757e3d981446d585af0d9ae4d7df6d64647806   82.35498531 ETH
    0x19b8139bfd07ee16a48f6308ba9681a1cbafa9b3  -82.35498531 ETH
    assets:patricioworthalter.eth  82.35498531 ETH

2018-09-05 05:36:33 Transfer 0x792dfd789d1d12f78156c4af44a645de1bd9c421502c5138c7d7c06872abf6ef
    ; 0xd551234ae421e3bcba99a0da6d736074f22192ff  -45 ETH
    ; 0x57757e3d981446d585af0d9ae4d7df6d64647806   45 ETH
    0xd551234ae421e3bcba99a0da6d736074f22192ff  -45 ETH
    assets:patricioworthalter.eth  45 ETH

2018-09-05 20:41:00 Transfer 0x3e80b05303db5ce0d5eaac2044a61683058ecf68369664b6cec5913610e30976
    ; 0xf6b6f07862a02c85628b3a9688beae07fea9c863  -4 ETH
    ; 0xe2f35b376461e7fdd2f2e45248e4c3cd9626a933   4 ETH
    assets:poap.xyz  -4 ETH
    0xe2f35b376461e7fdd2f2e45248e4c3cd9626a933  4 ETH

2018-09-05 21:21:58 Transfer 0xc9b44d18ec9da01c7c2b24e10dbd319e9840add303eb732a2e730acf8e413bfe
    ; 0xe7b32f24a55c6c997b6e08fd4a40f2588fa817f5  -3.7 ETH
    ; 0xf6b6f07862a02c85628b3a9688beae07fea9c863   3.7 ETH
    0xe7b32f24a55c6c997b6e08fd4a40f2588fa817f5  -3.7 ETH
    assets:poap.xyz  3.7 ETH

2018-09-06 19:10:39 Transfer 0xce060ffbc23a1b0c3ad9c656c88e997b122517fe29b1003966d174e225ec209b
    ; 0x0681d8db095565fe8a346fa0277bffde9c0edbbf  -45 ETH
    ; 0x57757e3d981446d585af0d9ae4d7df6d64647806   45 ETH
    0x0681d8db095565fe8a346fa0277bffde9c0edbbf  -45 ETH
    assets:patricioworthalter.eth  45 ETH

2018-09-15 15:28:45 Transfer 0xb3bbb2d4bbd4a6ecbe2be15ba1bd7a2bca9576c612caec9598518f6d82ab0639
    ; 0xf41372a898e6f1d5b5259063cb6eb718418e9376  -550 FREE
    ; 0xeb3b9f824c8551a58a427aeaaa1044866bb5e28e   550 FREE
    0xf41372a898e6f1d5b5259063cb6eb718418e9376  -550 FREE
    assets:worthalter.eth  550 FREE

2018-09-15 23:18:39 0xf725839f 0x7add71ebdbb4422a91158a43a835a321e3ce991da553d564ec26a9cb8774db95
    ; 0x8e306b005773bee6ba6a6e8972bc79d766cc15c8  -2.143990896045 LPT
    ; 0xf6b6f07862a02c85628b3a9688beae07fea9c863   2.143990896045 LPT
    0x8e306b005773bee6ba6a6e8972bc79d766cc15c8  -2.143990896045 LPT
    assets:poap.xyz  2.143990896045 LPT

2018-09-18 08:35:48 Transfer 0xe6eb13d8704014a46645e2d1e1e222cba290ac6ec1e356ffdae22466fcb7620f
    ; 0x267be1c1d684f78cb4f6a176c4911b741e4ffdc0  -482.505 ETH
    ; 0xeb3b9f824c8551a58a427aeaaa1044866bb5e28e   482.505 ETH
    0x267be1c1d684f78cb4f6a176c4911b741e4ffdc0  -482.505 ETH
    assets:worthalter.eth  482.505 ETH

2018-09-20 12:19:31 Transfer 0x4c1684dabe1825f15504b1cf2785d640ee15616b159dd4e54bbe161b943d1bde
    ; 0x267be1c1d684f78cb4f6a176c4911b741e4ffdc0  -327.80253 ETH
    ; 0xeb3b9f824c8551a58a427aeaaa1044866bb5e28e   327.80253 ETH
    0x267be1c1d684f78cb4f6a176c4911b741e4ffdc0  -327.80253 ETH
    assets:worthalter.eth  327.80253 ETH

2018-10-12 19:54:57 Transfer 0xaba553d5aeb5288a081998fe2bf9d7241babc9e9b9ded62a977158ea7283193e
    ; 0x486a28815a35a637e3f668783fb8538af1a4459f  -75 ETH
    ; 0x57757e3d981446d585af0d9ae4d7df6d64647806   75 ETH
    0x486a28815a35a637e3f668783fb8538af1a4459f  -75 ETH
    assets:patricioworthalter.eth  75 ETH

2018-10-14 17:38:51 Transfer 0x64aacce6982097720e1ca86e4c03d244d862640251511f626c9920622c3f9d4e
    ; 0x57757e3d981446d585af0d9ae4d7df6d64647806  -20338 DRGN
    ; 0x486a28815a35a637e3f668783fb8538af1a4459f   20338 DRGN
    assets:patricioworthalter.eth  -20338 DRGN
    0x486a28815a35a637e3f668783fb8538af1a4459f  20338 DRGN

2018-10-14 17:39:44 Transfer 0x62512c400b9e8415cfd9de162a09b6287c66b3ee102a8f9ed0b480d2a15b2ac2
    ; 0x57757e3d981446d585af0d9ae4d7df6d64647806  -1405 RDN
    ; 0x486a28815a35a637e3f668783fb8538af1a4459f   1405 RDN
    assets:patricioworthalter.eth  -1405 RDN
    0x486a28815a35a637e3f668783fb8538af1a4459f  1405 RDN

2018-10-15 15:24:25 Transfer 0xd7f4aeea75d2a056fc3466df4973f079fdaab6053fba78a2f10c80c7b1aae4c4
    ; 0xf6b6f07862a02c85628b3a9688beae07fea9c863  -0.1 ETH
    ; 0xd97152f4cc15ecd2b265e34ffdced6eccbd4a040   0.1 ETH
    assets:poap.xyz  -0.1 ETH
    0xd97152f4cc15ecd2b265e34ffdced6eccbd4a040  0.1 ETH

2018-10-16 18:42:59 Transfer 0xeeb32162f68e955828fafd834fcee789b6f616851e7590be54096e89361ec731
    ; 0x57757e3d981446d585af0d9ae4d7df6d64647806  -200 ETH
    ; 0xf6b6f07862a02c85628b3a9688beae07fea9c863   200 ETH
    assets:patricioworthalter.eth  -200 ETH
    assets:poap.xyz  200 ETH

2018-10-16 18:58:25 0x1e04e856 0xf9fa8d602153cb4da4c2c063a1fac5071b43ee5053465b64db6caeab0424bf94
    ; 0xf6b6f07862a02c85628b3a9688beae07fea9c863  -200 ETH
    ; 0x61fa58d7ef40d6f6853740330b62ccad34f8bc04   200 ETH
    assets:poap.xyz  -200 ETH
    0x61fa58d7ef40d6f6853740330b62ccad34f8bc04  200 ETH

2018-10-17 14:24:47 Transfer 0x4ef887010d4a0f92ffea22c5c712760b5bb329c34735ea0f6e15cbcc39df8e63
    ; 0x083bf340594b1a0d88578ad21eb913d1232b881b  -5900000 DIP
    ; 0x57757e3d981446d585af0d9ae4d7df6d64647806   5900000 DIP
    0x083bf340594b1a0d88578ad21eb913d1232b881b  -5900000 DIP
    assets:patricioworthalter.eth  5900000 DIP

2018-10-18 13:22:35 Transfer 0xdb30c4330b76c1e4b6a76f71db537905cd0c78b8ac8b2bf8e47f042dc05ffc34
    ; 0x510b070c80ae38d081a3e357aceabcc05c5853c5  -774 ETH
    ; 0xf6b6f07862a02c85628b3a9688beae07fea9c863   774 ETH
    0x510b070c80ae38d081a3e357aceabcc05c5853c5  -774 ETH
    assets:poap.xyz  774 ETH

2018-10-18 14:02:42 Transfer 0x8f0607761bd61e99d74570e630046b9c315090f38a0b7b3b6744457715fdbaca
    ; 0x57757e3d981446d585af0d9ae4d7df6d64647806  -18161.800977033072 DRGN
    ; 0xed02ce97b14ee01bf1f8cee8d45b285302249622   18161.800977033071 DRGN
    assets:patricioworthalter.eth  -18161.800977033071 DRGN
    0xed02ce97b14ee01bf1f8cee8d45b285302249622  18161.800977033071 DRGN

2018-10-18 14:05:28 Transfer 0x220ebf320cabd9a0f94324ad3f4de81ab90a5d0db2644417957fda1b1c01f828
    ; 0x57757e3d981446d585af0d9ae4d7df6d64647806  -540000 DIP
    ; 0xf6b6f07862a02c85628b3a9688beae07fea9c863   540000 DIP
    assets:patricioworthalter.eth  -540000 DIP
    assets:poap.xyz  540000 DIP

2018-10-18 17:37:15 Transfer 0x82e7db6f43dd822b0aaad0eaa0e9595a684c6b5518eb2de9013d54cfa98f6f14
    ; 0xf6b6f07862a02c85628b3a9688beae07fea9c863  -540000 DIP
    ; 0xf98ba9ad9b3aa0e042049b80cdf3209eb6f93ea1   540000 DIP
    assets:poap.xyz  -540000 DIP
    0xf98ba9ad9b3aa0e042049b80cdf3209eb6f93ea1  540000 DIP

2018-10-20 14:03:28 Transfer 0xf01631a3f2083bebf163543bc399c7a0daeb7c3e44a8afc7335542d345da1f72
    ; 0x510b070c80ae38d081a3e357aceabcc05c5853c5  -572 ETH
    ; 0xf6b6f07862a02c85628b3a9688beae07fea9c863   572 ETH
    0x510b070c80ae38d081a3e357aceabcc05c5853c5  -572 ETH
    assets:poap.xyz  572 ETH

2018-10-20 23:02:43 Transfer 0x2882da21c4a197c288a6749f94b7620b5718e3fc50db867d2f831dc16b12b261
    ; 0x564286362092d8e7936f0549571a803b203aaced  -2000 ETH
    ; 0x57757e3d981446d585af0d9ae4d7df6d64647806   2000 ETH
    0x564286362092d8e7936f0549571a803b203aaced  -2000 ETH
    assets:patricioworthalter.eth  2000 ETH

2018-10-21 02:50:10 Transfer 0xc01b7fe7f7db7001d2bf988f7ca6e39b093211e2117701c39aff22d5839146db
    ; 0x267be1c1d684f78cb4f6a176c4911b741e4ffdc0  -5.44274 ETH
    ; 0xf6b6f07862a02c85628b3a9688beae07fea9c863   5.44274 ETH
    0x267be1c1d684f78cb4f6a176c4911b741e4ffdc0  -5.44274 ETH
    assets:poap.xyz  5.44274 ETH

2018-10-21 16:02:51 Transfer 0x685af74f30456c52e1458b53f07ab5d1383bc2747def5e5b5a556ec914bc8673
    ; 0x510b070c80ae38d081a3e357aceabcc05c5853c5  -129 ETH
    ; 0xf6b6f07862a02c85628b3a9688beae07fea9c863   129 ETH
    0x510b070c80ae38d081a3e357aceabcc05c5853c5  -129 ETH
    assets:poap.xyz  129 ETH

2018-10-23 20:48:21 Transfer 0xf544ce7f8d9e4c5cc55d62226faf25a4d4b9ca605728641ddb1fde5d4c718749
    ; 0xf6b6f07862a02c85628b3a9688beae07fea9c863  -0.6 ETH
    ; 0x8018662b14337e684ea9f13035615ffbb4ba2c7d   0.6 ETH
    assets:poap.xyz  -0.6 ETH
    0x8018662b14337e684ea9f13035615ffbb4ba2c7d  0.6 ETH

2018-10-24 00:35:44 Transfer 0x07211824e4eab4c3f18e337e7c7754d83c92e39c28d0153aeaf9e10145b0ebc6
    ; 0x57757e3d981446d585af0d9ae4d7df6d64647806  -1.9974 DGX
    ; 0x614c8aa59d69b09e3ba7421213114688805672cf   1.9974 DGX
    ; 0x57757e3d981446d585af0d9ae4d7df6d64647806  -0.0026 DGX
    ; 0x00a55973720245819ec59c716b7537dac5ed4617   0.0026 DGX
    assets:patricioworthalter.eth  -2 DGX
    0x614c8aa59d69b09e3ba7421213114688805672cf  1.9974 DGX
    0x00a55973720245819ec59c716b7537dac5ed4617  0.0026 DGX

2018-10-24 00:45:48 Transfer 0x3649522bc0ff469562ff83f2a9a9289856edb7dea30faaa4409eab00652187da
    ; 0xf4132033e926e8023143357b95530162b490717b  -0.5 ETH
    ; 0x57757e3d981446d585af0d9ae4d7df6d64647806   0.5 ETH
    0xf4132033e926e8023143357b95530162b490717b  -0.5 ETH
    assets:patricioworthalter.eth  0.5 ETH

2018-10-25 22:40:35 Transfer 0x1e3ddbc4e0d18ec6a1a07e9c28813e48d3955fff143daf37850293ef5094419e
    ; 0x510b070c80ae38d081a3e357aceabcc05c5853c5  -238 ETH
    ; 0xeb3b9f824c8551a58a427aeaaa1044866bb5e28e   238 ETH
    0x510b070c80ae38d081a3e357aceabcc05c5853c5  -238 ETH
    assets:worthalter.eth  238 ETH

2018-11-04 16:30:24 0x3e12170f 0xaf4edc07fec6c4218e8ad247722fd881c9daf023f6cb7ccb0d488e393f207546
    ; 0xf6b6f07862a02c85628b3a9688beae07fea9c863  -0.09728 ETH
    ; 0x1dd9dd6a7be0da126abc3987bd904fc33d36e300   0.09728 ETH
    assets:poap.xyz  -0.09728 ETH
    0x1dd9dd6a7be0da126abc3987bd904fc33d36e300  0.09728 ETH

2018-11-10 10:57:38 Transfer 0x58520c052677433c962ef314266d3c5f80b224ea8b472561e44f300c1b4df45f
    ; 0xf6b6f07862a02c85628b3a9688beae07fea9c863  -132 ETH
    ; 0xed02ce97b14ee01bf1f8cee8d45b285302249622   132 ETH
    assets:poap.xyz  -132 ETH
    0xed02ce97b14ee01bf1f8cee8d45b285302249622  132 ETH

2018-11-16 19:22:09 0xf5af374b 0x804df1d79c054c0ef5f95642bea2fabb3e0c579801bde401aff4311e10644b16
    ; 0x61fa58d7ef40d6f6853740330b62ccad34f8bc04  -200.273810649212 ETH
    ; 0xf6b6f07862a02c85628b3a9688beae07fea9c863   200.273810649212 ETH
    0x61fa58d7ef40d6f6853740330b62ccad34f8bc04  -200.273810649212 ETH
    assets:poap.xyz  200.273810649212 ETH

2018-11-16 19:30:45 0xad9d4ba3 0x86173cc03ec94ac5ab83c4e7926c940ac6de3366c2c432cb73e195b87944cb99
    ; 0xf6b6f07862a02c85628b3a9688beae07fea9c863  -200 ETH
    ; 0x4e28e1933d0d5ae3b1951b07648d245b2811cf14   200 ETH
    assets:poap.xyz  -200 ETH
    0x4e28e1933d0d5ae3b1951b07648d245b2811cf14  200 ETH

2018-11-26 22:17:32 0xad9d4ba3 0xa5af1f3d1cdd369236f5b013c8f62ddd3578814d3ff56bee0ac43717d5df0ed8
    ; 0xf6b6f07862a02c85628b3a9688beae07fea9c863  -400 ETH
    ; 0x4e28e1933d0d5ae3b1951b07648d245b2811cf14   400 ETH
    assets:poap.xyz  -400 ETH
    0x4e28e1933d0d5ae3b1951b07648d245b2811cf14  400 ETH

2018-12-02 07:57:21 0xad9d4ba3 0x0aab2f5a7c072b1b135bf43f118b29f9f328c8709942bfe85dd06c5281c590c0
    ; 0xf6b6f07862a02c85628b3a9688beae07fea9c863  -400 ETH
    ; 0x4e28e1933d0d5ae3b1951b07648d245b2811cf14   400 ETH
    assets:poap.xyz  -400 ETH
    0x4e28e1933d0d5ae3b1951b07648d245b2811cf14  400 ETH

2018-12-05 18:10:25 0xad9d4ba3 0x966365bf50058414b944fc318699cbf5b993fd36a5409d03fa0987be224d8989
    ; 0xf6b6f07862a02c85628b3a9688beae07fea9c863  -200 ETH
    ; 0x4e28e1933d0d5ae3b1951b07648d245b2811cf14   200 ETH
    assets:poap.xyz  -200 ETH
    0x4e28e1933d0d5ae3b1951b07648d245b2811cf14  200 ETH

2018-12-06 14:55:58 Transfer 0xa03761c7dc13d9c317e77fa4163d1d4f5cc07a7805d20bfc02f36a79b581fb83
    ; 0x0681d8db095565fe8a346fa0277bffde9c0edbbf  -501.30820272 ETH
    ; 0x57757e3d981446d585af0d9ae4d7df6d64647806   501.30820272 ETH
    0x0681d8db095565fe8a346fa0277bffde9c0edbbf  -501.30820272 ETH
    assets:patricioworthalter.eth  501.30820272 ETH

2018-12-06 18:57:24 0xad9d4ba3 0xebcde4eb496dac4e4eb2d26c7409c4b753e946174bccd4b6e3ff6e3370d89a5b
    ; 0xf6b6f07862a02c85628b3a9688beae07fea9c863  -200 ETH
    ; 0x4e28e1933d0d5ae3b1951b07648d245b2811cf14   200 ETH
    assets:poap.xyz  -200 ETH
    0x4e28e1933d0d5ae3b1951b07648d245b2811cf14  200 ETH

2018-12-07 17:13:03 Transfer 0x9d655dbf3d0dead9b4b2ba3ada21d8c7657f4fc356616e6370cdefe3405828f3
    ; 0x6f803466bcd17f44fa18975bf7c509ba64bf3825  -119.968512 USDC
    ; 0xf6b6f07862a02c85628b3a9688beae07fea9c863   119.968512 USDC
    0x6f803466bcd17f44fa18975bf7c509ba64bf3825  -119.968512 USDC
    assets:poap.xyz  119.968512 USDC

2018-12-09 18:53:20 Swap 0x3b9ca443d4fc3e41e4508176a624949ffda9be2916aa5fda10a5ebaad809476a
    ; 0x91a502c678605fbce581eae053319747482276b9  -12.169408151085 ETH
    ; 0x57757e3d981446d585af0d9ae4d7df6d64647806   12.169408151085 ETH
    ; 0x57757e3d981446d585af0d9ae4d7df6d64647806  -29.18175713 DGX
    ; 0x91a502c678605fbce581eae053319747482276b9   29.18175713 DGX
    ; 0x57757e3d981446d585af0d9ae4d7df6d64647806  -0.037985665 DGX
    ; 0x00a55973720245819ec59c716b7537dac5ed4617   0.037985665 DGX
    assets:patricioworthalter.eth    -29.219742795 DGX
    equity:conversion    29.219742795 DGX
    equity:conversion   -12.169408151085 ETH
    assets:patricioworthalter.eth  12.169408151085 ETH @@ 29.219742795 DGX

2018-12-11 23:34:00 Transfer 0xc61f4434b834a5940584a90c945069de8becfe4cb95bdd971c526901de18e1e1
    ; 0x083bf340594b1a0d88578ad21eb913d1232b881b  -3000000 FOAM
    ; 0xf6b6f07862a02c85628b3a9688beae07fea9c863   3000000 FOAM
    0x083bf340594b1a0d88578ad21eb913d1232b881b  -3000000 FOAM
    assets:poap.xyz  3000000 FOAM

2018-12-12 00:18:22 Transfer 0x147eeb2cdbf016e39cd7133e4b6732a06b5203a4e05b9c28fe4d9e3efa0b786a
    ; 0xf6b6f07862a02c85628b3a9688beae07fea9c863  -1000000 FOAM
    ; 0x1b252c22dafc5a5c63cc715151b32154e709949d   1000000 FOAM
    assets:poap.xyz  -1000000 FOAM
    0x1b252c22dafc5a5c63cc715151b32154e709949d  1000000 FOAM

2018-12-12 04:00:35 Transfer 0x23a14287c5468220b3c1836ed6607d89833a625c86000be40533ad9362f77f9a
    ; 0xf6b6f07862a02c85628b3a9688beae07fea9c863  -2000000 FOAM
    ; 0x1b252c22dafc5a5c63cc715151b32154e709949d   2000000 FOAM
    assets:poap.xyz  -2000000 FOAM
    0x1b252c22dafc5a5c63cc715151b32154e709949d  2000000 FOAM

2018-12-12 19:00:53 Transfer 0x297650a3f534561fbee5acfb7881aa708051378cf6c9fa701bf0515d0971fddf
    ; 0xd551234ae421e3bcba99a0da6d736074f22192ff  -1692 ETH
    ; 0x57757e3d981446d585af0d9ae4d7df6d64647806   1692 ETH
    0xd551234ae421e3bcba99a0da6d736074f22192ff  -1692 ETH
    assets:patricioworthalter.eth  1692 ETH

2018-12-13 14:40:58 Transfer 0x43ead970582c92fdefb05fd07af9e3afb118b44bb2a786e3111d1c7ec46fb131
    ; 0x083bf340594b1a0d88578ad21eb913d1232b881b  -3883517 FOAM
    ; 0xf6b6f07862a02c85628b3a9688beae07fea9c863   3883517 FOAM
    0x083bf340594b1a0d88578ad21eb913d1232b881b  -3883517 FOAM
    assets:poap.xyz  3883517 FOAM

2018-12-15 23:40:06 0x9339b0a0 0x67549a35189aeb7e8bf7a99a57f6bdbe888baafffcfdd551ea1ec34f4f4b8c20
    ; 0x4e28e1933d0d5ae3b1951b07648d245b2811cf14  -802.528515880075 ETH
    ; 0xf6b6f07862a02c85628b3a9688beae07fea9c863   802.528515880075 ETH
    0x4e28e1933d0d5ae3b1951b07648d245b2811cf14  -802.528515880075 ETH
    assets:poap.xyz  802.528515880075 ETH

2018-12-15 23:41:14 0x9339b0a0 0x3205c08c9c91ecbb6f559ba71d7c3d8876fd0860f45446ddc11f4a515e46908a
    ; 0x4e28e1933d0d5ae3b1951b07648d245b2811cf14  -200.260152409286 ETH
    ; 0xf6b6f07862a02c85628b3a9688beae07fea9c863   200.260152409286 ETH
    0x4e28e1933d0d5ae3b1951b07648d245b2811cf14  -200.260152409286 ETH
    assets:poap.xyz  200.260152409286 ETH

2018-12-17 20:56:09 0xad9d4ba3 0x8404ce4e9ddfba9328fc380f2e7e951a3742a552b808a60863e56683bf5ac68a
    ; 0xf6b6f07862a02c85628b3a9688beae07fea9c863  -500 ETH
    ; 0x4e28e1933d0d5ae3b1951b07648d245b2811cf14   500 ETH
    assets:poap.xyz  -500 ETH
    0x4e28e1933d0d5ae3b1951b07648d245b2811cf14  500 ETH

2018-12-23 04:01:26 0xad9d4ba3 0xa28ae022d1b48114d4d9d912ab08001c15ecb8d58e3cb51174a8fb957e52bdb8
    ; 0xf6b6f07862a02c85628b3a9688beae07fea9c863  -500 ETH
    ; 0x4e28e1933d0d5ae3b1951b07648d245b2811cf14   500 ETH
    assets:poap.xyz  -500 ETH
    0x4e28e1933d0d5ae3b1951b07648d245b2811cf14  500 ETH

2018-12-23 04:03:45 0x9339b0a0 0x74db6fa8767561981ce5b4764d5611334206ea407ef6a9723d5f06ce2092ed4c
    ; 0x4e28e1933d0d5ae3b1951b07648d245b2811cf14  -500.158604134671 ETH
    ; 0xf6b6f07862a02c85628b3a9688beae07fea9c863   500.158604134671 ETH
    0x4e28e1933d0d5ae3b1951b07648d245b2811cf14  -500.158604134671 ETH
    assets:poap.xyz  500.158604134671 ETH

2018-12-25 15:31:52 Transfer 0x7e887990a0b3b10884182e0459cd69817d0e678233166ec296f3c2c2474e95e3
    ; 0xf6b6f07862a02c85628b3a9688beae07fea9c863  -100 ETH
    ; 0x5f4161eb3a67f1f2096b31997d59b5386fa21ff3   100 ETH
    assets:poap.xyz  -100 ETH
    0x5f4161eb3a67f1f2096b31997d59b5386fa21ff3  100 ETH

2018-12-28 00:01:36 0x1d4d691d 0x5a5c1f4189dda168f899c7520f80b23d9a0cb269e0f4766876bada8732c25cc7
    ; 0xf6b6f07862a02c85628b3a9688beae07fea9c863  -0.46 ETH
    ; 0x8fd3121013a07c57f0d69646e86e7a4880b467b7   0.46 ETH
    assets:poap.xyz  -0.46 ETH
    0x8fd3121013a07c57f0d69646e86e7a4880b467b7  0.46 ETH

2019-01-01 22:20:08 0xad9d4ba3 0x8040ae70f83e002b0dd3c66899d293b0d6ec99db127fd52a4ea1a3042bd2c48d
    ; 0xf6b6f07862a02c85628b3a9688beae07fea9c863  -500 ETH
    ; 0x4e28e1933d0d5ae3b1951b07648d245b2811cf14   500 ETH
    assets:poap.xyz  -500 ETH
    0x4e28e1933d0d5ae3b1951b07648d245b2811cf14  500 ETH

2019-01-01 22:20:48 0x9339b0a0 0x8305189f2a49064b633cbca195b6632a58afa06a0427c8d2ed2f329651a83af7
    ; 0x4e28e1933d0d5ae3b1951b07648d245b2811cf14  -401.122701644218 ETH
    ; 0xf6b6f07862a02c85628b3a9688beae07fea9c863   401.122701644218 ETH
    0x4e28e1933d0d5ae3b1951b07648d245b2811cf14  -401.122701644218 ETH
    assets:poap.xyz  401.122701644218 ETH

2019-01-03 01:36:50 0x9339b0a0 0xc1a7a77941a83dfe78030038d808f1306ccbdbba234a2f1886b54a1cee090057
    ; 0x4e28e1933d0d5ae3b1951b07648d245b2811cf14  -501.337248203324 ETH
    ; 0xf6b6f07862a02c85628b3a9688beae07fea9c863   501.337248203324 ETH
    0x4e28e1933d0d5ae3b1951b07648d245b2811cf14  -501.337248203324 ETH
    assets:poap.xyz  501.337248203324 ETH

2019-01-04 17:39:56 Swap 0x231d4032b822dfcce5aa038cf8e12db2d29aeadf0f8619ac4ce5a75a15b8c1f5
    ; 0xf6b6f07862a02c85628b3a9688beae07fea9c863  -250 ETH
    ; 0x2a0c0dbecc7e4d658f48e01e3fa353f44050c208   250 ETH
    ; self account changes:
    ; ERROR! cannot infer trade
    ;   change: assets:poap.xyz  -250 ETH
    assets:poap.xyz  -250 ETH
    0x2a0c0dbecc7e4d658f48e01e3fa353f44050c208  250 ETH

2019-01-08 14:23:10 Transfer 0xcf6350600b9b356a0fb97f498a814411c799e278a143fc996cd6f3d1abd49618
    ; 0xf6b6f07862a02c85628b3a9688beae07fea9c863  -355 ETH
    ; 0x510b070c80ae38d081a3e357aceabcc05c5853c5   355 ETH
    assets:poap.xyz  -355 ETH
    0x510b070c80ae38d081a3e357aceabcc05c5853c5  355 ETH

2019-01-08 14:33:41 Transfer 0xbad43f400d48101e288fea597ee8e64358658571691efe6a461757ac0f6cee96
    ; 0x564286362092d8e7936f0549571a803b203aaced  -980 ETH
    ; 0xf6b6f07862a02c85628b3a9688beae07fea9c863   980 ETH
    0x564286362092d8e7936f0549571a803b203aaced  -980 ETH
    assets:poap.xyz  980 ETH

2019-01-09 10:30:29 Transfer 0xdbf2454ab66956f5417603c7dff23b49ff054c47e27d544dd809883667789617
    ; 0xf6b6f07862a02c85628b3a9688beae07fea9c863  -480 ETH
    ; 0xed02ce97b14ee01bf1f8cee8d45b285302249622   480 ETH
    assets:poap.xyz  -480 ETH
    0xed02ce97b14ee01bf1f8cee8d45b285302249622  480 ETH

2019-01-09 15:49:41 Transfer 0x71d15b70e02d277bba5a5767c633b4119a414208869ba59a2753208082d5d545
    ; 0xd551234ae421e3bcba99a0da6d736074f22192ff  -2000 ETH
    ; 0x57757e3d981446d585af0d9ae4d7df6d64647806   2000 ETH
    0xd551234ae421e3bcba99a0da6d736074f22192ff  -2000 ETH
    assets:patricioworthalter.eth  2000 ETH

2019-01-10 16:08:43 Transfer 0x6095d3bdea51e5349043a7aa300fed64f57284c47507ebfae412c9319996da08
    ; 0x0681d8db095565fe8a346fa0277bffde9c0edbbf  -2450 ETH
    ; 0xf6b6f07862a02c85628b3a9688beae07fea9c863   2450 ETH
    0x0681d8db095565fe8a346fa0277bffde9c0edbbf  -2450 ETH
    assets:poap.xyz  2450 ETH

2019-01-11 21:32:13 Transfer 0xd5e3f1f596eb08a8d7cb1888b4d2d2fb98454ecd9e7d46473b9c66f4383c5b37
    ; 0x3f5ce5fbfe3e9af3971dd833d26ba9b5c936f0be  -1000 ETH
    ; 0x57757e3d981446d585af0d9ae4d7df6d64647806   1000 ETH
    0x3f5ce5fbfe3e9af3971dd833d26ba9b5c936f0be  -1000 ETH
    assets:patricioworthalter.eth  1000 ETH

2019-01-11 23:49:27 Transfer 0x9d3242657f0ac9f88e8d0be5156c783c80ba53efd8af89bf60118e8e750bd710
    ; 0xf6b6f07862a02c85628b3a9688beae07fea9c863  -1500 ETH
    ; 0xed02ce97b14ee01bf1f8cee8d45b285302249622   1500 ETH
    assets:poap.xyz  -1500 ETH
    0xed02ce97b14ee01bf1f8cee8d45b285302249622  1500 ETH

2019-01-14 23:14:49 Transfer 0xd66b633abb5db77c98dc0306d5addc6bacdca11d28f9a0960723867ee9378eb2
    ; 0xf6b6f07862a02c85628b3a9688beae07fea9c863  -10 ETH
    ; 0x41a820ef858052bd5282113adfbab1c9d441ecc4   10 ETH
    assets:poap.xyz  -10 ETH
    0x41a820ef858052bd5282113adfbab1c9d441ecc4  10 ETH

2019-01-14 23:17:39 Transfer 0x17210cff0903843f49be5ffe2357bdb70bcb58533e666da503d0babad6b6f12a
    ; 0x41a820ef858052bd5282113adfbab1c9d441ecc4  -9.99 ETH
    ; 0xf6b6f07862a02c85628b3a9688beae07fea9c863   9.99 ETH
    0x41a820ef858052bd5282113adfbab1c9d441ecc4  -9.99 ETH
    assets:poap.xyz  9.99 ETH

2019-01-18 01:07:39 0xad9d4ba3 0x2338204d7beff36031fda56c928374fe09a69af341ac144da95e16df828e2abf
    ; 0xf6b6f07862a02c85628b3a9688beae07fea9c863  -1200 ETH
    ; 0x4e28e1933d0d5ae3b1951b07648d245b2811cf14   1200 ETH
    assets:poap.xyz  -1200 ETH
    0x4e28e1933d0d5ae3b1951b07648d245b2811cf14  1200 ETH

2019-01-22 23:39:25 Transfer 0xab92d748b8353111f2a304ab20d1209212d02581cfea4e6601815007daacb6e2
    ; 0x564286362092d8e7936f0549571a803b203aaced  -1.5 TUSD
    ; 0x57757e3d981446d585af0d9ae4d7df6d64647806   1.5 TUSD
    0x564286362092d8e7936f0549571a803b203aaced  -1.5 TUSD
    assets:patricioworthalter.eth  1.5 TUSD

2019-01-25 18:45:27 Transfer 0x70663b51aab18e1c7e1fe0b47cb41f87d86d98118cd6463816e479a961a79c3a
    ; 0xf6b6f07862a02c85628b3a9688beae07fea9c863  -8 ETH
    ; 0xe7b32f24a55c6c997b6e08fd4a40f2588fa817f5   8 ETH
    assets:poap.xyz  -8 ETH
    0xe7b32f24a55c6c997b6e08fd4a40f2588fa817f5  8 ETH

2019-01-28 15:01:03 Transfer 0xf8baf82ed7c24464012b2dc7c65cfef615b5eaf81abcb31e8db2507deb2a3d28
    ; 0x486a28815a35a637e3f668783fb8538af1a4459f  -481 ETH
    ; 0xf6b6f07862a02c85628b3a9688beae07fea9c863   481 ETH
    0x486a28815a35a637e3f668783fb8538af1a4459f  -481 ETH
    assets:poap.xyz  481 ETH

2019-01-31 21:54:54 0xad9d4ba3 0xf54c696ac8109e651fada58fb8dc9944b757e36cae2e52da15382c9337335742
    ; 0xf6b6f07862a02c85628b3a9688beae07fea9c863  -500 ETH
    ; 0x4e28e1933d0d5ae3b1951b07648d245b2811cf14   500 ETH
    assets:poap.xyz  -500 ETH
    0x4e28e1933d0d5ae3b1951b07648d245b2811cf14  500 ETH

2019-01-31 21:56:27 0x9339b0a0 0x768ae5aa6719c5b86de201b69a43d84fcbbb7e9adc9c6ff43feb29102afaab8b
    ; 0x4e28e1933d0d5ae3b1951b07648d245b2811cf14  -501.035794925233 ETH
    ; 0xf6b6f07862a02c85628b3a9688beae07fea9c863   501.035794925233 ETH
    0x4e28e1933d0d5ae3b1951b07648d245b2811cf14  -501.035794925233 ETH
    assets:poap.xyz  501.035794925233 ETH

2019-02-01 15:10:37 Transfer 0x69243f6a4b3bcf45a84103fe8569e7366a4cf52e124e916b33ad14ba35e90ea3
    ; 0x332bef4530c8ce00f7ca955f1be41f9f83727d64  -108 ETH
    ; 0x57757e3d981446d585af0d9ae4d7df6d64647806   108 ETH
    0x332bef4530c8ce00f7ca955f1be41f9f83727d64  -108 ETH
    assets:patricioworthalter.eth  108 ETH

2019-02-06 01:52:56 Transfer 0x2701b4e665950c2e59fe899f1aafa34612dfb61f3152ad4756c53a32d56763a9
    ; 0xcb4ce27a5a75c506fee12500c7dd777c5de8717e  -2930 SAI
    ; 0x57757e3d981446d585af0d9ae4d7df6d64647806   2930 SAI
    0xcb4ce27a5a75c506fee12500c7dd777c5de8717e  -2930 SAI
    assets:patricioworthalter.eth  2930 SAI

2019-02-14 20:02:01 0xad9d4ba3 0xcf18bda8d5a54774f6b64a2bcc704fcfeb14cfdde34073119208e6532f20eea8
    ; 0xf6b6f07862a02c85628b3a9688beae07fea9c863  -1200 ETH
    ; 0x4e28e1933d0d5ae3b1951b07648d245b2811cf14   1200 ETH
    assets:poap.xyz  -1200 ETH
    0x4e28e1933d0d5ae3b1951b07648d245b2811cf14  1200 ETH

2019-02-15 19:13:25 0x9339b0a0 0x8393fc32f020a021cad755a28d952a2208cf88380347a379e0e3bf98355d4755
    ; 0x4e28e1933d0d5ae3b1951b07648d245b2811cf14  -1200.4986382516 ETH
    ; 0xf6b6f07862a02c85628b3a9688beae07fea9c863   1200.4986382516 ETH
    0x4e28e1933d0d5ae3b1951b07648d245b2811cf14  -1200.4986382516 ETH
    assets:poap.xyz  1200.4986382516 ETH

2019-02-16 15:12:01 Transfer 0x8767a770d76671133ec9ab5e8a6bc1ffef689b8f660311e1cbff8bf2ad399583
    ; 0xf6b6f07862a02c85628b3a9688beae07fea9c863  -2 ETH
    ; 0xe19d0e300a13919623720b84487d974a8ff8aab6   2 ETH
    assets:poap.xyz  -2 ETH
    0xe19d0e300a13919623720b84487d974a8ff8aab6  2 ETH

2019-02-16 15:13:08 Transfer 0x7a39e192e8f0fff2dd76ec338cb5cc358b3065f8ff66a9e091f40b285bbdcd28
    ; 0xf6b6f07862a02c85628b3a9688beae07fea9c863  -2 ETH
    ; 0xe583f95bf95d0883f94efe844442c8bfc9dd7a7f   2 ETH
    assets:poap.xyz  -2 ETH
    0xe583f95bf95d0883f94efe844442c8bfc9dd7a7f  2 ETH

2019-02-17 22:24:49 0x1aa3a008 0x7be90fbdc614708a5b09450547bef64d1c04b480a53731c948102fb04f08406a
    ; 0xf6b6f07862a02c85628b3a9688beae07fea9c863  -0.09 ETH
    ; 0xaa836e1d006f91861e77dcaae4000d9a4aad544a   0.09 ETH
    assets:poap.xyz  -0.09 ETH
    0xaa836e1d006f91861e77dcaae4000d9a4aad544a  0.09 ETH

2019-02-17 22:26:16 0x1aa3a008 0x808ede887c88cf8c68f03af5dbafdeaf48d82eb0483a96a62459cfa4becaf2de
    ; 0xf6b6f07862a02c85628b3a9688beae07fea9c863  -0.09 ETH
    ; 0xaa836e1d006f91861e77dcaae4000d9a4aad544a   0.09 ETH
    assets:poap.xyz  -0.09 ETH
    0xaa836e1d006f91861e77dcaae4000d9a4aad544a  0.09 ETH

2019-02-19 20:12:46 0x3ccfd60b 0x333995dbb262afa69b517ca1d95b4c73b7faf2f36cf7ed5a73aa16fbb017776c
    ; 0xaa836e1d006f91861e77dcaae4000d9a4aad544a  -0.09 ETH
    ; 0xf6b6f07862a02c85628b3a9688beae07fea9c863   0.09 ETH
    0xaa836e1d006f91861e77dcaae4000d9a4aad544a  -0.09 ETH
    assets:poap.xyz  0.09 ETH

2019-02-19 23:20:24 0x9339b0a0 0x255935e8336250d0502363c2400d83d844a61aaf8c427a4ccb3662d14bf7c315
    ; 0x4e28e1933d0d5ae3b1951b07648d245b2811cf14  -500.403898199687 ETH
    ; 0xf6b6f07862a02c85628b3a9688beae07fea9c863   500.403898199687 ETH
    0x4e28e1933d0d5ae3b1951b07648d245b2811cf14  -500.403898199687 ETH
    assets:poap.xyz  500.403898199687 ETH

2019-02-23 19:46:25 0xad9d4ba3 0x68140d0817ae37acd75b4b97c35e742bf067db0949fb744e839b89196a4b6bd0
    ; 0xf6b6f07862a02c85628b3a9688beae07fea9c863  -1500 ETH
    ; 0x4e28e1933d0d5ae3b1951b07648d245b2811cf14   1500 ETH
    assets:poap.xyz  -1500 ETH
    0x4e28e1933d0d5ae3b1951b07648d245b2811cf14  1500 ETH

2019-02-23 20:27:55 0x9339b0a0 0xc65ec1e4aa425363283623a377b0f9097c194cb8242849f049e1bed8354f4688
    ; 0x4e28e1933d0d5ae3b1951b07648d245b2811cf14  -1200.362386098568 ETH
    ; 0xf6b6f07862a02c85628b3a9688beae07fea9c863   1200.362386098568 ETH
    0x4e28e1933d0d5ae3b1951b07648d245b2811cf14  -1200.362386098568 ETH
    assets:poap.xyz  1200.362386098568 ETH

2019-03-01 01:42:11 0x422f1043 0x3c1300b8a25118c5f6fb1219106a1a35c52b2b7d440120819f8c97537d41c4fb
    ; 0xf6b6f07862a02c85628b3a9688beae07fea9c863  -10 ETH
    ; 0xf79cb3bea83bd502737586a6e8b133c378fd1ff2   10 ETH
    ; 0xf6b6f07862a02c85628b3a9688beae07fea9c863  -52901.588901508105 FOAM
    ; 0xf79cb3bea83bd502737586a6e8b133c378fd1ff2   52901.588901508103 FOAM
    assets:poap.xyz  -10 ETH
    assets:poap.xyz  -52901.588901508103 FOAM
    0xf79cb3bea83bd502737586a6e8b133c378fd1ff2  10 ETH
    0xf79cb3bea83bd502737586a6e8b133c378fd1ff2  52901.588901508103 FOAM

2019-03-01 01:54:48 Transfer 0xbd1223e8be42b4ccacd09de8f36cc2d6a5356da36fa3f052114f6122f742be22
    ; 0x0681d8db095565fe8a346fa0277bffde9c0edbbf  -50000.19 TUSD
    ; 0xf6b6f07862a02c85628b3a9688beae07fea9c863   50000.19 TUSD
    0x0681d8db095565fe8a346fa0277bffde9c0edbbf  -50000.19 TUSD
    assets:poap.xyz  50000.19 TUSD

2019-03-01 02:00:19 0x422f1043 0xbfe9682b4e216d577b5a166171805e7fb8be0ddf5b6d2cf4649843504ac73c10
    ; 0xf6b6f07862a02c85628b3a9688beae07fea9c863  -364 ETH
    ; 0x4f30e682d0541eac91748bd38a648d759261b8f3   364 ETH
    ; 0x0000000000000000000000000000000000000000  -364 UNI-V1
    ; 0xf6b6f07862a02c85628b3a9688beae07fea9c863   364 UNI-V1
    ; 0xf6b6f07862a02c85628b3a9688beae07fea9c863  -50000 TUSD
    ; 0x4f30e682d0541eac91748bd38a648d759261b8f3   50000 TUSD
    assets:poap.xyz  -364 ETH
    assets:poap.xyz  364 UNI-V1
    assets:poap.xyz  -50000 TUSD
    old  364 ETH
    old  50000 TUSD
    expense:fees  -364 UNI-V1

2019-03-01 10:44:13 0xf5a15f6d 0xc3b5b79416d0ec132179df1f0f13f01fbca388ac9f6aa517f2463c2061974dd4
    ; 0x1dd9dd6a7be0da126abc3987bd904fc33d36e300  -0.09728 ETH
    ; 0xf6b6f07862a02c85628b3a9688beae07fea9c863   0.09728 ETH
    0x1dd9dd6a7be0da126abc3987bd904fc33d36e300  -0.09728 ETH
    assets:poap.xyz  0.09728 ETH

2019-03-01 17:51:23 Transfer 0xb9fd16bfb5774218a00d2a87c12a030996b3947bb068f8c334456f542683fe57
    ; 0x0681d8db095565fe8a346fa0277bffde9c0edbbf  -59468.19 TUSD
    ; 0xf6b6f07862a02c85628b3a9688beae07fea9c863   59468.19 TUSD
    0x0681d8db095565fe8a346fa0277bffde9c0edbbf  -59468.19 TUSD
    assets:poap.xyz  59468.19 TUSD

2019-03-01 18:08:27 0x422f1043 0xf35a777b395c20502dfe08cbec9eded630b0abcccb87ae8ba1d8f9276825d66d
    ; 0xf6b6f07862a02c85628b3a9688beae07fea9c863  -437.7660285 ETH
    ; 0x4f30e682d0541eac91748bd38a648d759261b8f3   437.7660285 ETH
    ; 0x0000000000000000000000000000000000000000  -435.334188059116 UNI-V1
    ; 0xf6b6f07862a02c85628b3a9688beae07fea9c863   435.334188059116 UNI-V1
    ; 0xf6b6f07862a02c85628b3a9688beae07fea9c863  -59468.37999678193 TUSD
    ; 0x4f30e682d0541eac91748bd38a648d759261b8f3   59468.379996781926 TUSD
    assets:poap.xyz  -437.7660285 ETH
    assets:poap.xyz  435.334188059116 UNI-V1
    assets:poap.xyz  -59468.379996781926 TUSD
    old  437.7660285 ETH
    old  59468.379996781926 TUSD
    expense:fees  -435.334188059116 UNI-V1

2019-03-01 22:38:20 0xad9d4ba3 0xb487f461a7506504712a8b29b191b63ad9153d3e58114b0e9fda9f9620813426
    ; 0xf6b6f07862a02c85628b3a9688beae07fea9c863  -500 ETH
    ; 0x4e28e1933d0d5ae3b1951b07648d245b2811cf14   500 ETH
    assets:poap.xyz  -500 ETH
    0x4e28e1933d0d5ae3b1951b07648d245b2811cf14  500 ETH

2019-03-02 18:14:21 Transfer 0xe2ea659e08ae925d8a9a14435e95f636c66673d080391825b941ebbdd594739c
    ; 0x0681d8db095565fe8a346fa0277bffde9c0edbbf  -62.06951 ETH
    ; 0xf6b6f07862a02c85628b3a9688beae07fea9c863   62.06951 ETH
    0x0681d8db095565fe8a346fa0277bffde9c0edbbf  -62.06951 ETH
    assets:poap.xyz  62.06951 ETH

2019-03-02 18:38:32 0x95e3c50b 0x5367d29a980018a4e8e7d2781a68d24e30814b7084d7b6d73f8d8b9a1adb23aa
    ; 0xc4a1c45d5546029fd57128483ae65b56124bfa6a  -0.098291146804 ETH
    ; 0xf6b6f07862a02c85628b3a9688beae07fea9c863   0.098291146804 ETH
    ; 0xf6b6f07862a02c85628b3a9688beae07fea9c863  -2.143990896045 LPT
    ; 0xc4a1c45d5546029fd57128483ae65b56124bfa6a   2.143990896045 LPT
    0xc4a1c45d5546029fd57128483ae65b56124bfa6a  -0.098291146804 ETH
    0xc4a1c45d5546029fd57128483ae65b56124bfa6a  2.143990896045 LPT
    assets:poap.xyz  0.098291146804 ETH
    assets:poap.xyz  -2.143990896045 LPT

2019-03-03 16:43:36 Transfer 0x8bc5b30ce1a843b4d9caab67c11b14c1063dbf0175ee444396f3ab53fb5052be
    ; 0x57757e3d981446d585af0d9ae4d7df6d64647806  -348595 RDN
    ; 0x1b4910b9f6a38106e95516c13a04eb4d02db41fd   348595 RDN
    assets:patricioworthalter.eth  -348595 RDN
    0x1b4910b9f6a38106e95516c13a04eb4d02db41fd  348595 RDN

2019-03-03 17:00:51 Transfer 0x985ce20a4a2fc3ccfd68b1b7a7234da2eb5bb9fe3b812777b3940bf49d72ebf5
    ; 0x0681d8db095565fe8a346fa0277bffde9c0edbbf  -109775.2 TUSD
    ; 0xf6b6f07862a02c85628b3a9688beae07fea9c863   109775.2 TUSD
    0x0681d8db095565fe8a346fa0277bffde9c0edbbf  -109775.2 TUSD
    assets:poap.xyz  109775.2 TUSD

2019-03-03 17:04:55 Transfer 0xf9d0a952783920e58eeb9a744e6d69d2a68c73a41127ae808f01eab5501eda0a
    ; 0x57757e3d981446d585af0d9ae4d7df6d64647806  -2000 ETH
    ; 0xf6b6f07862a02c85628b3a9688beae07fea9c863   2000 ETH
    assets:patricioworthalter.eth  -2000 ETH
    assets:poap.xyz  2000 ETH

2019-03-03 17:14:12 0x422f1043 0x3babf5bb721ab29c06ef5a56acbd80200ab27814707a5f7ff2c8d4eaec3e5c53
    ; 0xf6b6f07862a02c85628b3a9688beae07fea9c863  -833.5252065 ETH
    ; 0x4f30e682d0541eac91748bd38a648d759261b8f3   833.5252065 ETH
    ; 0x0000000000000000000000000000000000000000  -816.098758565557 UNI-V1
    ; 0xf6b6f07862a02c85628b3a9688beae07fea9c863   816.098758565557 UNI-V1
    ; 0xf6b6f07862a02c85628b3a9688beae07fea9c863  -109775.19999793418 TUSD
    ; 0x4f30e682d0541eac91748bd38a648d759261b8f3   109775.199997934171 TUSD
    assets:poap.xyz  -833.5252065 ETH
    assets:poap.xyz  816.098758565557 UNI-V1
    assets:poap.xyz  -109775.199997934171 TUSD
    old  833.5252065 ETH
    old  109775.199997934171 TUSD
    expense:fees  -816.098758565557 UNI-V1

2019-03-04 18:17:12 Transfer 0x2c2dd73a4dcd7e169ff01f7094ed849215d8154e9dea2f24227800e7b3ce6157
    ; 0x57757e3d981446d585af0d9ae4d7df6d64647806  -2930 SAI
    ; 0xf6b6f07862a02c85628b3a9688beae07fea9c863   2930 SAI
    assets:patricioworthalter.eth  -2930 SAI
    assets:poap.xyz  2930 SAI

2019-03-05 06:34:35 0x422f1043 0x5d8456e10eeb20af7a6842e15e1affcc089d02d9de730bc909379d587cf6fcc8
    ; 0xf6b6f07862a02c85628b3a9688beae07fea9c863  -750 ETH
    ; 0x23228ec35e810569495bd0aa4d56e9fad759bb29   750 ETH
    assets:poap.xyz  -750 ETH
    0x23228ec35e810569495bd0aa4d56e9fad759bb29  750 ETH

2019-03-05 07:47:36 0x422f1043 0x6ad7d691992428e208d00aef5f9e3c19105b5fec540588c1929f92ca220d6689
    ; 0xf6b6f07862a02c85628b3a9688beae07fea9c863  -514.1535936 ETH
    ; 0x5d8888a212d033cff5f2e0ac24ad91a5495bad62   514.1535936 ETH
    assets:poap.xyz  -514.1535936 ETH
    0x5d8888a212d033cff5f2e0ac24ad91a5495bad62  514.1535936 ETH

2019-03-06 13:08:48 Transfer 0xa80c15594b32276a3a3c01a30a88bf8a3dc93e67de65fc7fcb65580231b3780d
    ; 0xf6b6f07862a02c85628b3a9688beae07fea9c863  -0.1 ETH
    ; 0xb1b783fcfdfc5bc35dca6648b55719c86d81f1ef   0.1 ETH
    assets:poap.xyz  -0.1 ETH
    0xb1b783fcfdfc5bc35dca6648b55719c86d81f1ef  0.1 ETH

2019-03-06 13:40:10 0x422f1043 0xdf70c9083352f45bde6e63d1d6f0c7e9b3547ad38b0350fd55d1fb484f78a7b2
    ; 0xf6b6f07862a02c85628b3a9688beae07fea9c863  -354.5518191 ETH
    ; 0xa1ecdcca26150cf69090280ee2ee32347c238c7b   354.5518191 ETH
    assets:poap.xyz  -354.5518191 ETH
    0xa1ecdcca26150cf69090280ee2ee32347c238c7b  354.5518191 ETH

2019-03-06 13:43:15 0x422f1043 0x78ed2737182ffab4aa79d56f71566b2d41ed6ee32624b8aeeb2ef330d2050efb
    ; 0xf6b6f07862a02c85628b3a9688beae07fea9c863  -354.5518191 ETH
    ; 0xa1ecdcca26150cf69090280ee2ee32347c238c7b   354.5518191 ETH
    assets:poap.xyz  -354.5518191 ETH
    0xa1ecdcca26150cf69090280ee2ee32347c238c7b  354.5518191 ETH

2019-03-06 16:34:13 Transfer 0x4bcad891a7f80252152fbc7947d1fdd71b6f1f419d476c01eab4e93e2e1cbf07
    ; 0x564286362092d8e7936f0549571a803b203aaced  -771.43176772 ETH
    ; 0x57757e3d981446d585af0d9ae4d7df6d64647806   771.43176772 ETH
    0x564286362092d8e7936f0549571a803b203aaced  -771.43176772 ETH
    assets:patricioworthalter.eth  771.43176772 ETH

2019-03-06 22:02:18 0x422f1043 0x0e3e2db08edd00c0dd6f8acd1dbad54b501d4c0e1a3e555106dadfc1f7c2150c
    ; 0xf6b6f07862a02c85628b3a9688beae07fea9c863  -325.5289041 ETH
    ; 0xa1ecdcca26150cf69090280ee2ee32347c238c7b   325.5289041 ETH
    assets:poap.xyz  -325.5289041 ETH
    0xa1ecdcca26150cf69090280ee2ee32347c238c7b  325.5289041 ETH

2019-03-06 22:07:13 0x422f1043 0x4cd8133404642cb7dd5ab352787ff0e7ff591dac78bea313c0ba9c0da4e9ef7a
    ; 0xf6b6f07862a02c85628b3a9688beae07fea9c863  -35.0847819 ETH
    ; 0xa1ecdcca26150cf69090280ee2ee32347c238c7b   35.0847819 ETH
    assets:poap.xyz  -35.0847819 ETH
    0xa1ecdcca26150cf69090280ee2ee32347c238c7b  35.0847819 ETH

2019-03-06 22:09:24 0x6b1d4db7 0x3889c35a2eeff8bbf0be7b1292cffc3d904f37de3a2aa66a896cd80c30f6d03e
    ; 0xa1ecdcca26150cf69090280ee2ee32347c238c7b  -0.026374577684 ETH
    ; 0xf6b6f07862a02c85628b3a9688beae07fea9c863   0.026374577684 ETH
    ; 0xf6b6f07862a02c85628b3a9688beae07fea9c863  -1.0813566525 ETH
    ; 0xa1ecdcca26150cf69090280ee2ee32347c238c7b   1.0813566525 ETH
    0xa1ecdcca26150cf69090280ee2ee32347c238c7b  1.054982074815 ETH
    assets:poap.xyz  -1.054982074815 ETH

2019-03-06 22:10:43 0x422f1043 0x7fb9bd4f2c084be0c77d7d8b80d0da4d5d2d50e6989a1ba8b654268b542d1cca
    ; 0xf6b6f07862a02c85628b3a9688beae07fea9c863  -2.109449 ETH
    ; 0xa1ecdcca26150cf69090280ee2ee32347c238c7b   2.109449 ETH
    assets:poap.xyz  -2.109449 ETH
    0xa1ecdcca26150cf69090280ee2ee32347c238c7b  2.109449 ETH

2019-03-07 03:56:40 0x47e7ef24 0xfbdf3b2ab3ec238e05b169359f6bfa839e0640b817e3db9d7a3e36bedd4e3f06
    ; 0xf6b6f07862a02c85628b3a9688beae07fea9c863  -1500 SAI
    ; 0x4e28e1933d0d5ae3b1951b07648d245b2811cf14   1500 SAI
    assets:poap.xyz  -1500 SAI
    0x4e28e1933d0d5ae3b1951b07648d245b2811cf14  1500 SAI

2019-03-07 03:57:43 0x47e7ef24 0xb5b810ca405d6b715469faa9ed9df83b464d7c27e9e6f216f92b87495db5d5d8
    ; 0xf6b6f07862a02c85628b3a9688beae07fea9c863  -1430 SAI
    ; 0x4e28e1933d0d5ae3b1951b07648d245b2811cf14   1430 SAI
    assets:poap.xyz  -1430 SAI
    0x4e28e1933d0d5ae3b1951b07648d245b2811cf14  1430 SAI

2019-03-07 18:24:58 Transfer 0x13fd83e59858f97c8deac10f578b485c5f33fc267923983a942700c2b5324830
    ; 0xf6b6f07862a02c85628b3a9688beae07fea9c863  -0.001 ETH
    ; 0x452baddbadeb2bbe6fdb855f6e1cee249c7eea12   0.001 ETH
    assets:poap.xyz  -0.001 ETH
    0x452baddbadeb2bbe6fdb855f6e1cee249c7eea12  0.001 ETH

2019-03-07 18:27:06 Transfer 0xf10c06970039c8f4264d8e0bb52687487d43017c1af47459da4b2ee5350da21d
    ; 0x452baddbadeb2bbe6fdb855f6e1cee249c7eea12  -0.99 SAI
    ; 0xf6b6f07862a02c85628b3a9688beae07fea9c863   0.99 SAI
    0x452baddbadeb2bbe6fdb855f6e1cee249c7eea12  -0.99 SAI
    assets:poap.xyz  0.99 SAI

2019-03-07 21:16:20 0x422f1043 0x0556652f5d221d98ab95d2c3f916527cb8830d0be4f3607b9a6c4f54ebe296fe
    ; 0xf6b6f07862a02c85628b3a9688beae07fea9c863  -34.4993504 ETH
    ; 0xa1ecdcca26150cf69090280ee2ee32347c238c7b   34.4993504 ETH
    assets:poap.xyz  -34.4993504 ETH
    0xa1ecdcca26150cf69090280ee2ee32347c238c7b  34.4993504 ETH

2019-03-13 01:03:19 Transfer 0x4b3495be14a2da0dfccbc249ba9dee5676a90bd0d73ce730407bdb27c2a2780f
    ; 0x2b5634c42055806a59e9107ed44d43c426e58258  -999.99 ETH
    ; 0xf6b6f07862a02c85628b3a9688beae07fea9c863   999.99 ETH
    0x2b5634c42055806a59e9107ed44d43c426e58258  -999.99 ETH
    assets:poap.xyz  999.99 ETH

2019-03-13 02:54:52 Transfer 0xe5fde79a010e0ecb7affdab42d731ee5afd0dd8c467f8ec258fb6c9d4feaed9f
    ; 0x2b5634c42055806a59e9107ed44d43c426e58258  -971.79201378 ETH
    ; 0xf6b6f07862a02c85628b3a9688beae07fea9c863   971.79201378 ETH
    0x2b5634c42055806a59e9107ed44d43c426e58258  -971.79201378 ETH
    assets:poap.xyz  971.79201378 ETH

2019-03-16 07:40:42 0x9339b0a0 0x03e9e62a7892630f07bd8c91d2066630ad338baa6793cf5ac8d38ad48fc58bc8
    ; 0x4e28e1933d0d5ae3b1951b07648d245b2811cf14  -1500.049200736314 ETH
    ; 0xf6b6f07862a02c85628b3a9688beae07fea9c863   1500.049200736314 ETH
    0x4e28e1933d0d5ae3b1951b07648d245b2811cf14  -1500.049200736314 ETH
    assets:poap.xyz  1500.049200736314 ETH

2019-03-16 07:42:45 0x9339b0a0 0x47bac4953ca070e4e5a4dfb87bf55627a2cc9d252228a454ab16b38f558f04a0
    ; 0x4e28e1933d0d5ae3b1951b07648d245b2811cf14  -1430.934929693197 SAI
    ; 0xf6b6f07862a02c85628b3a9688beae07fea9c863   1430.934929693197 SAI
    0x4e28e1933d0d5ae3b1951b07648d245b2811cf14  -1430.934929693197 SAI
    assets:poap.xyz  1430.934929693197 SAI

2019-03-19 13:58:38 Transfer 0x9285cc07e643e6ff455142c48b72cea48ff9ef3a07d05178fefa11127c4e2588
    ; 0xf6b6f07862a02c85628b3a9688beae07fea9c863  -33.6210381 ETH
    ; 0x79b63d1077c2f12015397a0922e516c1f68c0ce5   33.6210381 ETH
    assets:poap.xyz  -33.6210381 ETH
    0x79b63d1077c2f12015397a0922e516c1f68c0ce5  33.6210381 ETH

2019-03-20 00:54:46 Transfer 0xc59744144ee6d03d1c548e83bc1010b0c4143d5d73cf70f1ad5ec8b1ffa30885
    ; 0xf6b6f07862a02c85628b3a9688beae07fea9c863  -14.12 ETH
    ; 0x79b63d1077c2f12015397a0922e516c1f68c0ce5   14.12 ETH
    assets:poap.xyz  -14.12 ETH
    0x79b63d1077c2f12015397a0922e516c1f68c0ce5  14.12 ETH

2019-03-20 18:28:16 Transfer 0x388e398877e6d9b5a9c17658fe9ddd1d86868cf1b6b48c54a95397713b269ec1
    ; 0xd551234ae421e3bcba99a0da6d736074f22192ff  -2448.43258134 ETH
    ; 0xf6b6f07862a02c85628b3a9688beae07fea9c863   2448.43258134 ETH
    0xd551234ae421e3bcba99a0da6d736074f22192ff  -2448.43258134 ETH
    assets:poap.xyz  2448.43258134 ETH

2019-03-21 15:11:51 Transfer 0xf700682e7b43d61f55154dd2f6acbbc5e83bb55be40a366ad4d0b049c5709dd6
    ; 0x510b070c80ae38d081a3e357aceabcc05c5853c5  -268.9 ETH
    ; 0xf6b6f07862a02c85628b3a9688beae07fea9c863   268.9 ETH
    0x510b070c80ae38d081a3e357aceabcc05c5853c5  -268.9 ETH
    assets:poap.xyz  268.9 ETH

2019-03-22 14:26:00 0xe2bbb158 0xaef27c1b97f6db5f19bf05e8699e36e1ef7275bafa52465a0ad5e814b7a7fd56
    ; 0xf6b6f07862a02c85628b3a9688beae07fea9c863  -1431.9249 SAI
    ; 0xd9ebebfdab08c643c5f2837632de920c70a56247   1431.9249 SAI
    assets:poap.xyz  -1431.9249 SAI
    0xd9ebebfdab08c643c5f2837632de920c70a56247  1431.9249 SAI

2019-03-22 15:03:26 0x1d6f757d 0x8a24f2af4f410ef1f78a37ab2af4f7d7110a1a0cdffe75b86c4f8f2d890a6f5a
    ; 0xd9ebebfdab08c643c5f2837632de920c70a56247  -1431.9249 SAI
    ; 0xf6b6f07862a02c85628b3a9688beae07fea9c863   1431.9249 SAI
    0xd9ebebfdab08c643c5f2837632de920c70a56247  -1431.9249 SAI
    assets:poap.xyz  1431.9249 SAI

2019-03-22 15:04:55 0xe1a6f014 0x1693f76f0be288f82b1f491043e2c9355f05f0127b7b35a3bfc0cfb2ed75ce95
    ; 0x39755357759ce0d7f32dc8dc45414cca409ae24e  -10.170155982669 WETH
    ; 0xf6b6f07862a02c85628b3a9688beae07fea9c863   10.170155982669 WETH
    ; 0xf6b6f07862a02c85628b3a9688beae07fea9c863  -1431.924929693197 SAI
    ; 0x3dff74a0a102ef914faa32428bbdca0b0f49daf5   1431.924929693197 SAI
    0x39755357759ce0d7f32dc8dc45414cca409ae24e  -10.170155982669 WETH
    assets:poap.xyz  10.170155982669 WETH
    assets:poap.xyz  -1431.924929693197 SAI
    0x3dff74a0a102ef914faa32428bbdca0b0f49daf5  1431.924929693197 SAI

2019-03-22 15:06:31 Swap 0xa0cf6f395fef34970feb343004858160c48345534305f134a6fa739f7c8a782c
    ; 0xc02aaa39b223fe8d0a0e5c4f27ead9083c756cc2  -10.17015 ETH
    ; 0xf6b6f07862a02c85628b3a9688beae07fea9c863   10.17015 ETH
    ; self account changes:
    ; ERROR! cannot infer trade
    ;   change: assets:poap.xyz  10.17015 ETH
    equity:trading:WETH-weth  -10.17015 ETH
    assets:poap.xyz  10.17015 ETH

2019-03-26 18:18:57 0xf39b5b9b 0x7ace8180d0a014ab76eed5a54165d058527a9049fa278cbff40f67b2b66ce884
    ; 0xf6b6f07862a02c85628b3a9688beae07fea9c863  -10 ETH
    ; 0xa1ecdcca26150cf69090280ee2ee32347c238c7b   10 ETH
    assets:poap.xyz  -10 ETH
    0xa1ecdcca26150cf69090280ee2ee32347c238c7b  10 ETH

2019-03-26 18:29:24 0xf39b5b9b 0xaa907817c3bae6ed7c5ab793f35e01e39b1adec779fe701bf97ce6ad121cf696
    ; 0xf6b6f07862a02c85628b3a9688beae07fea9c863  -12 ETH
    ; 0xa1ecdcca26150cf69090280ee2ee32347c238c7b   12 ETH
    assets:poap.xyz  -12 ETH
    0xa1ecdcca26150cf69090280ee2ee32347c238c7b  12 ETH

2019-03-27 18:59:14 Transfer 0x616e3791c5deec1c12ef0605e2dc0059b9221c744a6c53926939b904d6d4f649
    ; 0xf6b6f07862a02c85628b3a9688beae07fea9c863  -36.3 ETH
    ; 0x79b63d1077c2f12015397a0922e516c1f68c0ce5   36.3 ETH
    assets:poap.xyz  -36.3 ETH
    0x79b63d1077c2f12015397a0922e516c1f68c0ce5  36.3 ETH

2019-03-31 00:04:36 0x9339b0a0 0xc6eb7fb59413d905de1c97bf1d74b926b3717af4ee2c661c140803ef0d9a6f11
    ; 0x4e28e1933d0d5ae3b1951b07648d245b2811cf14  -501.273417154795 ETH
    ; 0xf6b6f07862a02c85628b3a9688beae07fea9c863   501.273417154795 ETH
    0x4e28e1933d0d5ae3b1951b07648d245b2811cf14  -501.273417154795 ETH
    assets:poap.xyz  501.273417154795 ETH

2019-03-31 00:19:30 0x9339b0a0 0xe7fce6d22fbca250f114a1a9266169c3b5c8b68b12d3037c4ad6dd48832c6347
    ; 0x4e28e1933d0d5ae3b1951b07648d245b2811cf14  -1508.528230875713 SAI
    ; 0xf6b6f07862a02c85628b3a9688beae07fea9c863   1508.528230875713 SAI
    0x4e28e1933d0d5ae3b1951b07648d245b2811cf14  -1508.528230875713 SAI
    assets:poap.xyz  1508.528230875713 SAI

2019-04-02 00:03:14 0xad9d4ba3 0x2621bac2cc72bd6ec390ce94f4106b05b8affcecb4819adcdfef71c1992ab275
    ; 0xf6b6f07862a02c85628b3a9688beae07fea9c863  -1000 ETH
    ; 0x4e28e1933d0d5ae3b1951b07648d245b2811cf14   1000 ETH
    assets:poap.xyz  -1000 ETH
    0x4e28e1933d0d5ae3b1951b07648d245b2811cf14  1000 ETH

2019-04-03 21:02:25 0xad9d4ba3 0x894671792f48c192fe6ed4558fb27bda48099d3cb7a20c452c4478a396c0568b
    ; 0xf6b6f07862a02c85628b3a9688beae07fea9c863  -2000 ETH
    ; 0x4e28e1933d0d5ae3b1951b07648d245b2811cf14   2000 ETH
    assets:poap.xyz  -2000 ETH
    0x4e28e1933d0d5ae3b1951b07648d245b2811cf14  2000 ETH

2019-04-06 00:34:43 Transfer 0xae40b0e31031b55cd676fb122126b3ba59a9865a4e62dbea660e7599c216e091
    ; 0xf6b6f07862a02c85628b3a9688beae07fea9c863  -156 SAI
    ; 0xfb0d030ebb17f8b1b23f8f2e998bd22685ca68f5   156 SAI
    assets:poap.xyz  -156 SAI
    0xfb0d030ebb17f8b1b23f8f2e998bd22685ca68f5  156 SAI

2019-04-08 01:45:51 0x9339b0a0 0x9da330697c4cf1f7cf8c4e8a02379d3177d52bff7185f47412abbfc9871ca8a3
    ; 0x4e28e1933d0d5ae3b1951b07648d245b2811cf14  -1000.413497706065 ETH
    ; 0xf6b6f07862a02c85628b3a9688beae07fea9c863   1000.413497706065 ETH
    0x4e28e1933d0d5ae3b1951b07648d245b2811cf14  -1000.413497706065 ETH
    assets:poap.xyz  1000.413497706065 ETH

2019-04-11 06:21:52 0x0b573638 0x70b6015e2430216b04732e343b388883f3b6924c4b4c32f40478eb831e513da2
    ; 0x49c4f9bc14884f6210f28342ced592a633801a8b  -0.000572652914 ETH
    ; 0xf6b6f07862a02c85628b3a9688beae07fea9c863   0.000572652914 ETH
    ; 0xf6b6f07862a02c85628b3a9688beae07fea9c863  -0.023478855 ETH
    ; 0x49c4f9bc14884f6210f28342ced592a633801a8b   0.023478855 ETH
    0x49c4f9bc14884f6210f28342ced592a633801a8b  0.022906202085 ETH
    assets:poap.xyz  -0.022906202085 ETH

2019-04-12 22:24:46 0x422f1043 0xdd82a7b2856ef592e90af23268950ee8c193095f35246dd844a66af7117a8e59
    ; 0xf6b6f07862a02c85628b3a9688beae07fea9c863  -0.1970293 ETH
    ; 0xa1ecdcca26150cf69090280ee2ee32347c238c7b   0.1970293 ETH
    assets:poap.xyz  -0.1970293 ETH
    0xa1ecdcca26150cf69090280ee2ee32347c238c7b  0.1970293 ETH

2019-04-13 05:46:15 Transfer 0x49dcfde524230633a04ec86a840c16981a6e771297ced241246c18fdede41dfd
    ; 0xc4bf1e9f7255e4a379763579e52ee2b7c703cc56  -10 SAI
    ; 0xf6b6f07862a02c85628b3a9688beae07fea9c863   10 SAI
    0xc4bf1e9f7255e4a379763579e52ee2b7c703cc56  -10 SAI
    assets:poap.xyz  10 SAI

2019-04-13 05:51:48 Transfer 0x27129df0727b2c5273c99dac2986574fcef76ed9abdf2e78d46cc72f12cb800e
    ; 0xf6b6f07862a02c85628b3a9688beae07fea9c863  -10 SAI
    ; 0x21357b3dcb7ae07da23a708dbbd9a2340001a3f4   10 SAI
    assets:poap.xyz  -10 SAI
    0x21357b3dcb7ae07da23a708dbbd9a2340001a3f4  10 SAI

2019-04-17 05:00:57 0xf319142a 0x3375a60165c07369af752fe36fc49ce84f7c5f9c302c59ac01d755a9d49db857
    ; 0xf6b6f07862a02c85628b3a9688beae07fea9c863  -200 ETH
    ; 0xa8b39829ce2246f89b31c013b8cde15506fb9a76   200 ETH
    assets:poap.xyz  -200 ETH
    0xa8b39829ce2246f89b31c013b8cde15506fb9a76  200 ETH

2019-04-17 05:21:24 0xf319142a 0x14f497c777803c9233428a66f05b71bd7c0d5f374ad4a40e20ed07fbe94090b9
    ; 0xf6b6f07862a02c85628b3a9688beae07fea9c863  -500 ETH
    ; 0xa8b39829ce2246f89b31c013b8cde15506fb9a76   500 ETH
    assets:poap.xyz  -500 ETH
    0xa8b39829ce2246f89b31c013b8cde15506fb9a76  500 ETH

2019-05-01 08:03:38 0x9339b0a0 0x171c212e876ced0338a9bc3656efb163e651ebf0882842cda9f9ab8a97160778
    ; 0x4e28e1933d0d5ae3b1951b07648d245b2811cf14  -2000.469476603424 ETH
    ; 0xf6b6f07862a02c85628b3a9688beae07fea9c863   2000.469476603424 ETH
    0x4e28e1933d0d5ae3b1951b07648d245b2811cf14  -2000.469476603424 ETH
    assets:poap.xyz  2000.469476603424 ETH

2019-05-02 02:02:51 Liquidity event 0xf8f489bbcb97923777e6ff8cbb09597e3f2717c17de76dfa6bdcd97eb4db5a37
    ; 0x5d8888a212d033cff5f2e0ac24ad91a5495bad62  -606.880945046133 ETH
    ; 0xf6b6f07862a02c85628b3a9688beae07fea9c863   606.880945046133 ETH
    0x5d8888a212d033cff5f2e0ac24ad91a5495bad62  -606.880945046133 ETH
    assets:poap.xyz  606.880945046133 ETH

2019-05-02 02:33:32 Transfer 0x50bf2bfdb947375d0fcfbe00f15681e6e751f2e6cdf72ad1fd6eb5861cd36c0f
    ; 0x791d5dc8a67cad870f115ec43a51fee593a7c517  -296.83 ETH
    ; 0xf6b6f07862a02c85628b3a9688beae07fea9c863   296.83 ETH
    0x791d5dc8a67cad870f115ec43a51fee593a7c517  -296.83 ETH
    assets:poap.xyz  296.83 ETH

2019-05-03 15:56:30 Transfer 0xdce0194b29ae1b56fba3c6f10b23ab95b908319fa5d6945e97ecc284511aa642
    ; 0xa910f92acdaf488fa6ef02174fb86208ad7722ba  -338.892 LPT
    ; 0xf6b6f07862a02c85628b3a9688beae07fea9c863   338.892 LPT
    0xa910f92acdaf488fa6ef02174fb86208ad7722ba  -338.892 LPT
    assets:poap.xyz  338.892 LPT

2019-05-03 16:30:05 Transfer 0x428a39c133b433debc4394947867d5f36c15eb076e5946c1800b1a00f913651f
    ; 0xf6b6f07862a02c85628b3a9688beae07fea9c863  -338.892 LPT
    ; 0xe2f35b376461e7fdd2f2e45248e4c3cd9626a933   338.892 LPT
    assets:poap.xyz  -338.892 LPT
    0xe2f35b376461e7fdd2f2e45248e4c3cd9626a933  338.892 LPT

2019-05-04 03:48:24 Transfer 0x168831fbd1c755bb3e277a1f1e0683eee797940b6fa7befec160fa094abcedb0
    ; 0xf6b6f07862a02c85628b3a9688beae07fea9c863  -9.1 ETH
    ; 0xe2f35b376461e7fdd2f2e45248e4c3cd9626a933   9.1 ETH
    assets:poap.xyz  -9.1 ETH
    0xe2f35b376461e7fdd2f2e45248e4c3cd9626a933  9.1 ETH

2019-05-04 03:55:48 Transfer 0x13b9dfc36d9e20bb0a031ce828a481bea3102d1c0f273d117a017191da25fc7d
    ; 0x32be343b94f860124dc4fee278fdcbd38c102d88  -45.4041 ETH
    ; 0xf6b6f07862a02c85628b3a9688beae07fea9c863   45.4041 ETH
    0x32be343b94f860124dc4fee278fdcbd38c102d88  -45.4041 ETH
    assets:poap.xyz  45.4041 ETH

2019-05-14 18:53:10 0x48e8681b 0x51bfa8fd1329633c68a23a925f5770a3d0a53db49e346c455e17d9c3b7218217
    ; 0xf6b6f07862a02c85628b3a9688beae07fea9c863  -0.000072586859 ETH
    ; 0x9d661f7773be14439b4223f5b516bc7ef67b0369   0.000072586859 ETH
    assets:poap.xyz  -0.000072586859 ETH
    0x9d661f7773be14439b4223f5b516bc7ef67b0369  0.000072586859 ETH

2019-05-22 06:33:59 0x4e71d92d 0x047957c2cb1d73e1c6385d59d98cb45986f7975b7ec4efdfb1d580bc9bb7d854
    ; 0x762d141b8d9600bde64138762e6fb38efc56dcba  -1 SAI
    ; 0xf6b6f07862a02c85628b3a9688beae07fea9c863   1 SAI
    0x762d141b8d9600bde64138762e6fb38efc56dcba  -1 SAI
    assets:poap.xyz  1 SAI

2019-05-22 07:45:48 0x422f1043 0x1c8e3b499c5a4d80ced371f1d8a90776c98244347da5946066fc17f62fd1b36c
    ; 0xf6b6f07862a02c85628b3a9688beae07fea9c863  -1000 ETH
    ; 0xd9025ed64baa7b9046e37fe94670c79fccb2b5c8   1000 ETH
    assets:poap.xyz  -1000 ETH
    0xd9025ed64baa7b9046e37fe94670c79fccb2b5c8  1000 ETH

2019-05-22 22:03:41 0x5ddae283 0x023b887017e4a4bcff2d21b22234b8ab1a2230fd41def45e2bf4d55db75c2056
    ; 0x0065ff0572976829d4806f7323836e3a06475e7b  -0.01 ETH
    ; 0x57757e3d981446d585af0d9ae4d7df6d64647806   0.01 ETH
    0x0065ff0572976829d4806f7323836e3a06475e7b  -0.01 ETH
    assets:patricioworthalter.eth  0.01 ETH

2019-05-22 22:40:52 0x5ddae283 0x1619f7220d626485003c473f74160d4f223521be9e17046a169dc0e395467f6c
    ; 0xf9bdad3f1660a50ec199455c0818f1932a569969  -0.01 ETH
    ; 0xeb3b9f824c8551a58a427aeaaa1044866bb5e28e   0.01 ETH
    0xf9bdad3f1660a50ec199455c0818f1932a569969  -0.01 ETH
    assets:worthalter.eth  0.01 ETH

2019-05-23 19:04:09 0x6eb4b91f 0xfd63fbcc07f95591636f316a84a4ba3fe07c2002df32afac9de640187e491e53
    ; 0x0000000000000000000000000000000000000000  -189643 NXM
    ; 0x57757e3d981446d585af0d9ae4d7df6d64647806   189643 NXM
    expense:fees  -189643 NXM
    assets:patricioworthalter.eth  189643 NXM

2019-05-23 21:03:38 0x95e3c50b 0x62bf6cea16e7c78b3c8d8fa59239099514e3d8efce15448cc3674479181198e3
    ; 0xc4a1c45d5546029fd57128483ae65b56124bfa6a  -0.061626318066 ETH
    ; 0xeb3b9f824c8551a58a427aeaaa1044866bb5e28e   0.061626318066 ETH
    ; 0xeb3b9f824c8551a58a427aeaaa1044866bb5e28e  -2.4228 LPT
    ; 0xc4a1c45d5546029fd57128483ae65b56124bfa6a   2.4228 LPT
    0xc4a1c45d5546029fd57128483ae65b56124bfa6a  -0.061626318066 ETH
    0xc4a1c45d5546029fd57128483ae65b56124bfa6a  2.4228 LPT
    assets:worthalter.eth  0.061626318066 ETH
    assets:worthalter.eth  -2.4228 LPT

2019-05-27 21:52:32 Transfer 0xad650d26cbfbc5d570e07291f31645afc3866a0906ce82e7929ef86dc17fed89
    ; 0xf6b6f07862a02c85628b3a9688beae07fea9c863  -1 ETH
    ; 0xe583f95bf95d0883f94efe844442c8bfc9dd7a7f   1 ETH
    assets:poap.xyz  -1 ETH
    0xe583f95bf95d0883f94efe844442c8bfc9dd7a7f  1 ETH

2019-05-27 22:55:50 Liquidity event 0x212109b457816a2f59ef8511be84ed564dc54c01b2dbcbed9156e46c36d089fa
    ; 0xd9025ed64baa7b9046e37fe94670c79fccb2b5c8  -1162.397951368098 ETH
    ; 0xf6b6f07862a02c85628b3a9688beae07fea9c863   1162.397951368098 ETH
    0xd9025ed64baa7b9046e37fe94670c79fccb2b5c8  -1162.397951368098 ETH
    assets:poap.xyz  1162.397951368098 ETH

2019-05-29 16:21:58 0x496a36f2 0xb9d10b048360e9eee58514d3388e692a0f86535b7929457600f8006e38b4a086
    ; 0x57757e3d981446d585af0d9ae4d7df6d64647806  -2000 ETH
    ; 0x4564bfe303900178578769b2d76b1a13533e5fd5   2000 ETH
    assets:patricioworthalter.eth  -2000 ETH
    0x4564bfe303900178578769b2d76b1a13533e5fd5  2000 ETH

2019-05-29 16:35:13 0xf319142a 0xf9a419d68c4defde75537dced6a08c64d0dcaa70f682b03f77f9da45837d5a80
    ; 0xa8b39829ce2246f89b31c013b8cde15506fb9a76  -700.052909904145 ETH
    ; 0xf6b6f07862a02c85628b3a9688beae07fea9c863   700.052909904145 ETH
    0xa8b39829ce2246f89b31c013b8cde15506fb9a76  -700.052909904145 ETH
    assets:poap.xyz  700.052909904145 ETH

2019-06-01 14:17:20 0x422f1043 0x81ba9e9d031f24f382b68e7f8650749057b9739509de852a3a99d5cef9f4e2d4
    ; 0xf6b6f07862a02c85628b3a9688beae07fea9c863  -2043.525070583097 ETH
    ; 0x8da198a049426bfcf1522b0dc52f84beda6e38ff   2043.525070583097 ETH
    assets:poap.xyz  -2043.525070583097 ETH
    0x8da198a049426bfcf1522b0dc52f84beda6e38ff  2043.525070583097 ETH

2019-06-01 14:43:47 0x422f1043 0x4dfded5321c9e5a427ce49e0b51f4e417117f14481b0a45f77b9744e2ed81ff3
    ; 0xf6b6f07862a02c85628b3a9688beae07fea9c863  -1500 ETH
    ; 0x8da198a049426bfcf1522b0dc52f84beda6e38ff   1500 ETH
    assets:poap.xyz  -1500 ETH
    0x8da198a049426bfcf1522b0dc52f84beda6e38ff  1500 ETH

2019-06-01 22:38:50 Transfer 0x1f019047041e3a63b5ed651d9057f11d47eee76b9a66ede785065b869e2e9083
    ; 0xb07646ecbb4fad311a8419b071984cd20e792fcb  -434 ETH
    ; 0xf6b6f07862a02c85628b3a9688beae07fea9c863   434 ETH
    0xb07646ecbb4fad311a8419b071984cd20e792fcb  -434 ETH
    assets:poap.xyz  434 ETH

2019-06-02 00:46:07 Transfer 0x63d8b85a6fe3d8f7d78cf948f733cab0adc2a885996e8ece9873474683f58bcc
    ; 0x2b5634c42055806a59e9107ed44d43c426e58258  -200.7987432 ETH
    ; 0xf6b6f07862a02c85628b3a9688beae07fea9c863   200.7987432 ETH
    0x2b5634c42055806a59e9107ed44d43c426e58258  -200.7987432 ETH
    assets:poap.xyz  200.7987432 ETH

2019-06-03 00:20:14 Transfer 0x751e433c95476e5bb81130a70e9f991416eb5ccba91e8acdd97e7f350184a960
    ; 0xf6b6f07862a02c85628b3a9688beae07fea9c863  -556 ETH
    ; 0x486a28815a35a637e3f668783fb8538af1a4459f   556 ETH
    assets:poap.xyz  -556 ETH
    0x486a28815a35a637e3f668783fb8538af1a4459f  556 ETH

2019-06-05 15:05:25 Transfer 0x1f0c38758035f2a6ef2bfc6da51078aed5c391bc28c97c184a4b5916a80848c5
    ; 0x0681d8db095565fe8a346fa0277bffde9c0edbbf  -667 ETH
    ; 0xf6b6f07862a02c85628b3a9688beae07fea9c863   667 ETH
    0x0681d8db095565fe8a346fa0277bffde9c0edbbf  -667 ETH
    assets:poap.xyz  667 ETH

2019-06-10 20:05:56 0xf39b5b9b 0x941c5ae838a2f779f236eb0330491d30c0a7886636f437749553c9072b8cb6ef
    ; 0xf6b6f07862a02c85628b3a9688beae07fea9c863  -10 ETH
    ; 0xa1ecdcca26150cf69090280ee2ee32347c238c7b   10 ETH
    assets:poap.xyz  -10 ETH
    0xa1ecdcca26150cf69090280ee2ee32347c238c7b  10 ETH

2019-06-12 21:13:46 Transfer 0xd98b84ced899af712fb03cfb47ffdc6b8464efa480223fb06675e36559fa4930
    ; 0xf6b6f07862a02c85628b3a9688beae07fea9c863  -96 ETH
    ; 0xe882d23a77a3c8b33c4468d5c76bd8cbbc0c480a   96 ETH
    assets:poap.xyz  -96 ETH
    0xe882d23a77a3c8b33c4468d5c76bd8cbbc0c480a  96 ETH

2019-06-13 13:32:13 Transfer 0x56475c9e4d04c456210f99df794f28cad5df0c7ef25c8075ce8f346ed855fa78
    ; 0xf6b6f07862a02c85628b3a9688beae07fea9c863  -2.31397 ETH
    ; 0x66fe030bce0a0ec1accb2fbe3146ea916ccb1fa4   2.31397 ETH
    assets:poap.xyz  -2.31397 ETH
    0x66fe030bce0a0ec1accb2fbe3146ea916ccb1fa4  2.31397 ETH

2019-06-13 15:25:20 0xf39b5b9b 0x088108b2f4c9fa5296b601833baf671f6a9fd8ba849fcd9b2e129b3dfda9bbcb
    ; 0xf6b6f07862a02c85628b3a9688beae07fea9c863  -20 ETH
    ; 0xa1ecdcca26150cf69090280ee2ee32347c238c7b   20 ETH
    assets:poap.xyz  -20 ETH
    0xa1ecdcca26150cf69090280ee2ee32347c238c7b  20 ETH

2019-06-13 17:09:54 Transfer 0xfd66afaa51bd8b984d1224364eac1b73d4375acccc4febaac40e88f4b822bfe8
    ; 0x2b5634c42055806a59e9107ed44d43c426e58258  -25029.444 TUSD
    ; 0xf6b6f07862a02c85628b3a9688beae07fea9c863   25029.444 TUSD
    0x2b5634c42055806a59e9107ed44d43c426e58258  -25029.444 TUSD
    assets:poap.xyz  25029.444 TUSD

2019-06-13 17:12:30 0xf39b5b9b 0xaaca59ae144a88e8e846bcce99a29a5394856137a081fc81ddf70954f12f2ad0
    ; 0xf6b6f07862a02c85628b3a9688beae07fea9c863  -20 ETH
    ; 0xa1ecdcca26150cf69090280ee2ee32347c238c7b   20 ETH
    assets:poap.xyz  -20 ETH
    0xa1ecdcca26150cf69090280ee2ee32347c238c7b  20 ETH

2019-06-15 05:07:14 Transfer 0x6dee59776cad999fbef9f0077edd2ca22f98d043715a0d6c9543f6b4cfa67387
    ; 0xd551234ae421e3bcba99a0da6d736074f22192ff  -98.41 USDC
    ; 0x57757e3d981446d585af0d9ae4d7df6d64647806   98.41 USDC
    0xd551234ae421e3bcba99a0da6d736074f22192ff  -98.41 USDC
    assets:patricioworthalter.eth  98.41 USDC

2019-06-15 05:58:27 Transfer 0x9066484cd95e3876870e40adfd219127abae15dea6937832f9e27c70a028bb62
    ; 0x564286362092d8e7936f0549571a803b203aaced  -322402.41 USDC
    ; 0x57757e3d981446d585af0d9ae4d7df6d64647806   322402.41 USDC
    0x564286362092d8e7936f0549571a803b203aaced  -322402.41 USDC
    assets:patricioworthalter.eth  322402.41 USDC

2019-06-15 20:09:47 Transfer 0xcb59c676af2237ea1087fb2f69ce10ccea2e0db0708f3b14f8b06ee12df908fa
    ; 0x57757e3d981446d585af0d9ae4d7df6d64647806  -322500.82 USDC
    ; 0x1b4910b9f6a38106e95516c13a04eb4d02db41fd   322500.82 USDC
    assets:patricioworthalter.eth  -322500.82 USDC
    0x1b4910b9f6a38106e95516c13a04eb4d02db41fd  322500.82 USDC

2019-06-15 23:15:06 Transfer 0x1872357bfb3d792f74acb886ed9ce964d9a8cb004396533059fe69f412382b09
    ; 0x2b5634c42055806a59e9107ed44d43c426e58258  -137.01 ETH
    ; 0xf6b6f07862a02c85628b3a9688beae07fea9c863   137.01 ETH
    0x2b5634c42055806a59e9107ed44d43c426e58258  -137.01 ETH
    assets:poap.xyz  137.01 ETH

2019-06-16 07:02:15 Liquidity event 0xae037beb2797f1f3a733abf0fbd9c0fb11885fad1ce6c3c1a88fb8cb266bf93d
    ; 0x8da198a049426bfcf1522b0dc52f84beda6e38ff  -1387.435212933682 ETH
    ; 0xf6b6f07862a02c85628b3a9688beae07fea9c863   1387.435212933682 ETH
    0x8da198a049426bfcf1522b0dc52f84beda6e38ff  -1387.435212933682 ETH
    assets:poap.xyz  1387.435212933682 ETH

2019-06-16 07:04:45 Liquidity event 0x9d5198b6f4f0db3b6a0518c7117779c19469fc54264f1f6d53a56ecdb22e461c
    ; 0x8da198a049426bfcf1522b0dc52f84beda6e38ff  -2.244071511277 ETH
    ; 0xf6b6f07862a02c85628b3a9688beae07fea9c863   2.244071511277 ETH
    0x8da198a049426bfcf1522b0dc52f84beda6e38ff  -2.244071511277 ETH
    assets:poap.xyz  2.244071511277 ETH

2019-06-16 09:32:47 Transfer 0x98b998ce8b8e568ec922ba35815f946826c3d75b19919b69889dada83c66ffe6
    ; 0x0681d8db095565fe8a346fa0277bffde9c0edbbf  -1193 ETH
    ; 0xf6b6f07862a02c85628b3a9688beae07fea9c863   1193 ETH
    0x0681d8db095565fe8a346fa0277bffde9c0edbbf  -1193 ETH
    assets:poap.xyz  1193 ETH

2019-06-24 08:08:23 Transfer 0x5096e7113dfcad8c747505efec83e844ad3963571d9693fb041a9901a319323d
    ; 0x332bef4530c8ce00f7ca955f1be41f9f83727d64  -52.53 ETH
    ; 0xf6b6f07862a02c85628b3a9688beae07fea9c863   52.53 ETH
    0x332bef4530c8ce00f7ca955f1be41f9f83727d64  -52.53 ETH
    assets:poap.xyz  52.53 ETH

2019-06-24 17:17:57 Liquidity event 0x010a12fd8a1ac7e67d890d5cecae88b3e319a1bf82b601d87c468d06fba766b1
    ; 0xa1ecdcca26150cf69090280ee2ee32347c238c7b  -61.073662952634 ETH
    ; 0xf6b6f07862a02c85628b3a9688beae07fea9c863   61.073662952634 ETH
    0xa1ecdcca26150cf69090280ee2ee32347c238c7b  -61.073662952634 ETH
    assets:poap.xyz  61.073662952634 ETH

2019-07-01 22:29:24 0xd7c2eec7 0x49ae4851f40e73931bd4bc1c7e030ba0a893c228bb3ac5397bb91cbc3dc07300
    ; 0x4564bfe303900178578769b2d76b1a13533e5fd5  -2000 ETH
    ; 0x57757e3d981446d585af0d9ae4d7df6d64647806   2000 ETH
    0x4564bfe303900178578769b2d76b1a13533e5fd5  -2000 ETH
    assets:patricioworthalter.eth  2000 ETH

2019-07-03 18:02:52 0x4e71d92d 0xa1d4470fd2974afc38b7df6e446a4b9cfd1d28ff027aefcf2d365f85bfad3a06
    ; 0x762d141b8d9600bde64138762e6fb38efc56dcba  -1.415946373453 SAI
    ; 0xf6b6f07862a02c85628b3a9688beae07fea9c863   1.415946373453 SAI
    0x762d141b8d9600bde64138762e6fb38efc56dcba  -1.415946373453 SAI
    assets:poap.xyz  1.415946373453 SAI

2019-07-10 23:40:20 0x422f1043 0xe18f590b5d74ba6ef316f361f32bca9e9c750eaa5a8c6925132f76d26a1f34e7
    ; 0xf6b6f07862a02c85628b3a9688beae07fea9c863  -1000 ETH
    ; 0x9faa0cb10912de7ad1d86705c65de291a9088a61   1000 ETH
    assets:poap.xyz  -1000 ETH
    0x9faa0cb10912de7ad1d86705c65de291a9088a61  1000 ETH

2019-07-11 01:25:37 0x422f1043 0x0feb94c81113fda19deb43bbb85fd55739ce4570db19d10f039829dcabedcb6e
    ; 0xf6b6f07862a02c85628b3a9688beae07fea9c863  -260.3 ETH
    ; 0x4740c758859d4651061cc9cdefdba92bdc3a845d   260.3 ETH
    assets:poap.xyz  -260.3 ETH
    0x4740c758859d4651061cc9cdefdba92bdc3a845d  260.3 ETH

2019-07-11 09:20:36 0xf3c0efe9 0xe9b205ad938aa867c1eb86f0aa86bb9129d4ca6feccc6cec95aa5522c425ed7d
    ; 0xf6b6f07862a02c85628b3a9688beae07fea9c863  -2385.749967480676 TUSD
    ; 0x4f30e682d0541eac91748bd38a648d759261b8f3   2385.749967480676 TUSD
    assets:poap.xyz  -2385.749967480676 TUSD
    old  2385.749967480676 TUSD

2019-07-13 13:58:34 Liquidity event 0xe3ecf1305c893771b5d416d5e08fadb83b237d1ca1fd975cfa126580d784e8d9
    ; 0xa1ecdcca26150cf69090280ee2ee32347c238c7b  -161.249771726139 ETH
    ; 0xf6b6f07862a02c85628b3a9688beae07fea9c863   161.249771726139 ETH
    0xa1ecdcca26150cf69090280ee2ee32347c238c7b  -161.249771726139 ETH
    assets:poap.xyz  161.249771726139 ETH

2019-07-14 18:21:27 Transfer 0x3765374b2b422d0123a4ba071cea1645fe57c25b6cf19725c21f914e44646bd1
    ; 0x486a28815a35a637e3f668783fb8538af1a4459f  -876.37883136 BNB
    ; 0xf6b6f07862a02c85628b3a9688beae07fea9c863   876.37883136 BNB
    0x486a28815a35a637e3f668783fb8538af1a4459f  -876.37883136 BNB
    assets:poap.xyz  876.37883136 BNB

2019-07-14 19:41:56 Transfer 0xf5576d6b7de83ce5a6fb4921c9ea5a12f93f5379d3619b211a19b65926e17840
    ; 0xf6b6f07862a02c85628b3a9688beae07fea9c863  -876.37883136 BNB
    ; 0x1b4910b9f6a38106e95516c13a04eb4d02db41fd   876.37883136 BNB
    assets:poap.xyz  -876.37883136 BNB
    0x1b4910b9f6a38106e95516c13a04eb4d02db41fd  876.37883136 BNB

2019-07-15 15:39:39 Transfer 0xeae26292e14159a9a8e3e31bd0e949ee07a90c4c278bf756dbc87fd8502e1882
    ; 0x564286362092d8e7936f0549571a803b203aaced  -2385 TUSD
    ; 0xf6b6f07862a02c85628b3a9688beae07fea9c863   2385 TUSD
    0x564286362092d8e7936f0549571a803b203aaced  -2385 TUSD
    assets:poap.xyz  2385 TUSD

2019-07-15 17:03:14 0xa8712e8c 0x65594dc8ff9b6dc987b42993c221951186c689e520e30568fe628607e2c1a404
    ; 0xf7c83bd0c50e7a72b55a39fe0dabf5e3a330d749  -0.068812024901 ETH
    ; 0xf6b6f07862a02c85628b3a9688beae07fea9c863   0.068812024901 ETH
    ; 0xf6b6f07862a02c85628b3a9688beae07fea9c863  -0.756932273914 ETH
    ; 0xf7c83bd0c50e7a72b55a39fe0dabf5e3a330d749   0.756932273914 ETH
    0xf7c83bd0c50e7a72b55a39fe0dabf5e3a330d749  0.688120249013 ETH
    assets:poap.xyz  -0.688120249013 ETH

2019-07-18 10:51:41 0x54919a6c 0x1c377cc54e1ddfa806d2d45850572c7ab70ae8e37e182fab96ddbf821c67024f
    ; 0xbcae2a1a60280822ea24bb3085ae5cbe2c67fe86  -1 BTB
    ; 0x57757e3d981446d585af0d9ae4d7df6d64647806   1 BTB
    0xbcae2a1a60280822ea24bb3085ae5cbe2c67fe86  -1 BTB
    assets:patricioworthalter.eth  1 BTB

2019-07-19 04:59:26 0x54919a6c 0x45d917aa05a40f3e1c260786180967d6819152e46669d62b3b6e25e962363bdb
    ; 0xbcae2a1a60280822ea24bb3085ae5cbe2c67fe86  -1 BTB
    ; 0xf6b6f07862a02c85628b3a9688beae07fea9c863   1 BTB
    0xbcae2a1a60280822ea24bb3085ae5cbe2c67fe86  -1 BTB
    assets:poap.xyz  1 BTB

2019-07-19 09:08:26 Transfer 0xc7b71037f4df300e7e9c68e981dbe48035a7612890a7bcc9bd3647ced6a458a3
    ; 0xf6b6f07862a02c85628b3a9688beae07fea9c863  -100 FOAM
    ; 0xb7693d3f040d66ab89ab86e7f8688c01febbc77c   100 FOAM
    assets:poap.xyz  -100 FOAM
    0xb7693d3f040d66ab89ab86e7f8688c01febbc77c  100 FOAM

2019-07-21 19:47:58 0x80482491 0xab293235f57d2f8d0fedb96f35c30381de87bf98e071b702e14ccf520aa880da
    ; 0xf6b6f07862a02c85628b3a9688beae07fea9c863  -0.08 ETH
    ; 0x8d7dd7b604b4e0a8dd3cc343522caa2aa426e6e7   0.08 ETH
    assets:poap.xyz  -0.08 ETH
    0x8d7dd7b604b4e0a8dd3cc343522caa2aa426e6e7  0.08 ETH

2019-07-25 01:13:22 Transfer 0xc0bca2d39c8207a5f04a0b79d08337cf12bc2cf7e8bb2ad8c2a578f11162d203
    ; 0x3f5ce5fbfe3e9af3971dd833d26ba9b5c936f0be  -138 ETH
    ; 0xf6b6f07862a02c85628b3a9688beae07fea9c863   138 ETH
    0x3f5ce5fbfe3e9af3971dd833d26ba9b5c936f0be  -138 ETH
    assets:poap.xyz  138 ETH

2019-07-30 19:01:02 Transfer 0x529677ce7ccbb4059719e04c99461dcdaf15df7be1a7eccd110a791097dbd283
    ; 0xf6b6f07862a02c85628b3a9688beae07fea9c863  -675.84 SAI
    ; 0x6a1517622feb74a242e68a26f423ae38e020a0b1   675.84 SAI
    assets:poap.xyz  -675.84 SAI
    0x6a1517622feb74a242e68a26f423ae38e020a0b1  675.84 SAI

2019-08-03 14:24:12 Transfer 0x8c457f33d15164b7935c4e5e4a9ad95d75cb22a62715f27423d1a1eb654ab805
    ; 0x33538b3808aa60f88d9564bc93e2f70b51e79a55  0 ETH
    ; 0xf6b6f07862a02c85628b3a9688beae07fea9c863   0 ETH
    0x33538b3808aa60f88d9564bc93e2f70b51e79a55  -0 ETH
    assets:poap.xyz  0 ETH

2019-08-08 03:19:04 Liquidity event 0x84ea493c3609dd81b25ffc573deb4966ff44ec8daf63539446b568e9fa1fbe4d
    ; 0x9faa0cb10912de7ad1d86705c65de291a9088a61  -1095.768963437322 ETH
    ; 0xf6b6f07862a02c85628b3a9688beae07fea9c863   1095.768963437322 ETH
    0x9faa0cb10912de7ad1d86705c65de291a9088a61  -1095.768963437322 ETH
    assets:poap.xyz  1095.768963437322 ETH

2019-08-09 13:04:25 0xd694ad6a 0x328ba4cb975efd62a02e810fdafced6f1cd1d40385b99d758d96df0eaac0aaa3
    ; 0xf6b6f07862a02c85628b3a9688beae07fea9c863  -5 SAI
    ; 0x1991dc8465157fdad20a134f62e9652a12c9dd6f   5 SAI
    assets:poap.xyz  -5 SAI
    0x1991dc8465157fdad20a134f62e9652a12c9dd6f  5 SAI

2019-08-09 13:12:22 0xd694ad6a 0x22953bf0e1a4f46136e909321cbf125018f9ca38f7eda8d234b01e26c233369b
    ; 0xf6b6f07862a02c85628b3a9688beae07fea9c863  -5 SAI
    ; 0x1991dc8465157fdad20a134f62e9652a12c9dd6f   5 SAI
    assets:poap.xyz  -5 SAI
    0x1991dc8465157fdad20a134f62e9652a12c9dd6f  5 SAI

2019-08-09 13:41:37 Transfer 0xeb175490d5dfec857ce7cfdd5fb177003a7994c46993de69dbe490ec3a790584
    ; 0xfe503cc113a488104c652c3cbcf70fbb7b3a7c84  -0.029642475558 ETH
    ; 0x57757e3d981446d585af0d9ae4d7df6d64647806   0.029642475558 ETH
    0xfe503cc113a488104c652c3cbcf70fbb7b3a7c84  -0.029642475558 ETH
    assets:patricioworthalter.eth  0.029642475558 ETH

2019-08-12 15:57:50 Transfer 0x07b7d8541840044438170d5287252a84699d7187ef29e5db66506db0fbd8211a
    ; 0xf6b6f07862a02c85628b3a9688beae07fea9c863  -1 ETH
    ; 0xe583f95bf95d0883f94efe844442c8bfc9dd7a7f   1 ETH
    assets:poap.xyz  -1 ETH
    0xe583f95bf95d0883f94efe844442c8bfc9dd7a7f  1 ETH

2019-08-13 22:26:35 Transfer 0xaf04af7c7def73d1f401b7e67c81853f8fd7afea1afccb46a02ffdd5f5a0106e
    ; 0xf6b6f07862a02c85628b3a9688beae07fea9c863  -241 ETH
    ; 0x6fdabcd4c1b926310f5a8c4c00efefba3c8dbef4   241 ETH
    assets:poap.xyz  -241 ETH
    0x6fdabcd4c1b926310f5a8c4c00efefba3c8dbef4  241 ETH

2019-08-15 02:56:02 Transfer 0x6f7d7a77cf0ac58f78ef31349aeb77af2ea3315f6f6a2cdabdb26f5861d425fc
    ; 0xf6b6f07862a02c85628b3a9688beae07fea9c863  -25000 TUSD
    ; 0xe882d23a77a3c8b33c4468d5c76bd8cbbc0c480a   25000 TUSD
    assets:poap.xyz  -25000 TUSD
    0xe882d23a77a3c8b33c4468d5c76bd8cbbc0c480a  25000 TUSD

2019-08-15 18:19:57 Transfer 0x625ff752402fd43cc76b9889e46213518da6b64328f6e0eec974b7d9bcae322d
    ; 0xf6b6f07862a02c85628b3a9688beae07fea9c863  -200.8 ETH
    ; 0x8389292d7b1f455d461c1ab346e37de65e7384fc   200.8 ETH
    assets:poap.xyz  -200.8 ETH
    0x8389292d7b1f455d461c1ab346e37de65e7384fc  200.8 ETH

2019-08-16 17:25:28 Transfer 0xf7c0b8047ad5d30bb8de0ebec817636a467e63358655120ae90246cb214f6eef
    ; 0x9cf39f672473ed78fc8df0485f24edf53de47edb  -0.03685559306 ETH
    ; 0xf6b6f07862a02c85628b3a9688beae07fea9c863   0.03685559306 ETH
    0x9cf39f672473ed78fc8df0485f24edf53de47edb  -0.03685559306 ETH
    assets:poap.xyz  0.03685559306 ETH

2019-08-19 09:24:54 0x1aa3a008 0x637d0e4082481216d0342fee57b9dd71a86b016f7f6ba005568a9fb5f59aa9ca
    ; 0xf6b6f07862a02c85628b3a9688beae07fea9c863  -0.1 ETH
    ; 0x80bf9ba97bc7a54fe70ef42d9c941b0574319d1d   0.1 ETH
    assets:poap.xyz  -0.1 ETH
    0x80bf9ba97bc7a54fe70ef42d9c941b0574319d1d  0.1 ETH

2019-08-20 22:35:59 0x3ccfd60b 0xdff7cbcf68fc9d92458a5aaf373c4eebaa47691525b5471211d7828b3474b27f
    ; 0x80bf9ba97bc7a54fe70ef42d9c941b0574319d1d  -0.120967741935 ETH
    ; 0xf6b6f07862a02c85628b3a9688beae07fea9c863   0.120967741935 ETH
    0x80bf9ba97bc7a54fe70ef42d9c941b0574319d1d  -0.120967741935 ETH
    assets:poap.xyz  0.120967741935 ETH

2019-08-21 10:16:07 Transfer 0x1e22be3d07d79d0b9121a7e4058b045382e8652c6b78355c0cddc361d0b30972
    ; 0xf6b6f07862a02c85628b3a9688beae07fea9c863  -1 ETH
    ; 0x06044b5359d8df7886366c22c61c7ecd29becac7   1 ETH
    assets:poap.xyz  -1 ETH
    0x06044b5359d8df7886366c22c61c7ecd29becac7  1 ETH

2019-08-21 10:35:12 Transfer 0x7d4933924016938865c6493ba2c1ec4509e65113e01d9aaf0dfd06e000a8e8d5
    ; 0xf6b6f07862a02c85628b3a9688beae07fea9c863  -0.6 ETH
    ; 0x06044b5359d8df7886366c22c61c7ecd29becac7   0.6 ETH
    assets:poap.xyz  -0.6 ETH
    0x06044b5359d8df7886366c22c61c7ecd29becac7  0.6 ETH

2019-08-26 12:05:09 Transfer 0xb5336226fad3e02edcff778587d51a931729a5e2c36d1ec2b3e0134eea74c697
    ; 0xf6b6f07862a02c85628b3a9688beae07fea9c863  -50 SAI
    ; 0x4cc9c92dacd2e6e3ef1956dee5aa4275aa8c9b47   50 SAI
    assets:poap.xyz  -50 SAI
    0x4cc9c92dacd2e6e3ef1956dee5aa4275aa8c9b47  50 SAI

2019-08-29 14:25:52 0x1aa3a008 0x1d5a987267aaa8d2d82d2096ab66aa946ea5b0b38a91dac65b9267662d4ece01
    ; 0xf6b6f07862a02c85628b3a9688beae07fea9c863  -0.1 ETH
    ; 0x3eff4434708128babca34714f5ec97da5a98c621   0.1 ETH
    assets:poap.xyz  -0.1 ETH
    0x3eff4434708128babca34714f5ec97da5a98c621  0.1 ETH

2019-09-11 00:14:00 Transfer 0x5b5c0a12795a213c58153e91fd8646bb378106de2a3b342726108057532075b0
    ; 0xf6b6f07862a02c85628b3a9688beae07fea9c863  -500 SAI
    ; 0xa9876c809022f5c30c040240e1d06f0dcda53aa5   500 SAI
    assets:poap.xyz  -500 SAI
    0xa9876c809022f5c30c040240e1d06f0dcda53aa5  500 SAI

2019-09-12 18:43:50 Transfer 0x7e78f06d080b410a27c67f806a395a8cbac1b38717ef3014fc12bd5f40c626a6
    ; 0x4c0a466df0628fe8699051b3ac6506653191cc21  -22 SAI
    ; 0x57757e3d981446d585af0d9ae4d7df6d64647806   22 SAI
    0x4c0a466df0628fe8699051b3ac6506653191cc21  -22 SAI
    assets:patricioworthalter.eth  22 SAI

2019-09-12 23:38:37 0x3ccfd60b 0x12305b3f24c24081fe55010bc8f0ca7ad3c8d36bafa8781fa6ce542fe4848392
    ; 0x3eff4434708128babca34714f5ec97da5a98c621  -0.111442786069 ETH
    ; 0xf6b6f07862a02c85628b3a9688beae07fea9c863   0.111442786069 ETH
    0x3eff4434708128babca34714f5ec97da5a98c621  -0.111442786069 ETH
    assets:poap.xyz  0.111442786069 ETH

2019-09-15 18:19:51 0x4e71d92d 0xa21a21f13196bf8399a451cc33c2420d65c1df2920d78abac27aca577e52cc9e
    ; 0x762d141b8d9600bde64138762e6fb38efc56dcba  -2.467059799377 SAI
    ; 0xf6b6f07862a02c85628b3a9688beae07fea9c863   2.467059799377 SAI
    0x762d141b8d9600bde64138762e6fb38efc56dcba  -2.467059799377 SAI
    assets:poap.xyz  2.467059799377 SAI

2019-09-16 19:13:43 0xaf023335 0x8f81dc88301505da76ef67671697053c5515ef351b45f6b83194a5aff2805913
    ; 0x57757e3d981446d585af0d9ae4d7df6d64647806  -449 SETH
    ; 0x0000000000000000000000000000000000000000   449 SETH
    assets:patricioworthalter.eth  -449 SETH
    expense:fees  449 SETH

2019-09-16 19:59:50 Transfer 0x299bbced6c84210983fdd2a6189c54b95d3d92ec0bd29a2f9eb27fcdf17d8754
    ; 0x7d439999e63b75618b9c6c69d6efed0c2bc295c8  -1384.27464 ETH
    ; 0xf6b6f07862a02c85628b3a9688beae07fea9c863   1384.27464 ETH
    0x7d439999e63b75618b9c6c69d6efed0c2bc295c8  -1384.27464 ETH
    assets:poap.xyz  1384.27464 ETH

2019-09-17 04:06:44 Liquidity event 0x5ea9fd5ea4f68c5fdd1eed21b0a0f15f5d37afe6333203f3a01e27c843d21ef2
    ; 0x4f30e682d0541eac91748bd38a648d759261b8f3  -1396.477547360569 ETH
    ; 0xf6b6f07862a02c85628b3a9688beae07fea9c863   1396.477547360569 ETH
    old  -1396.477547360569 ETH
    assets:poap.xyz  1396.477547360569 ETH

2019-09-17 04:15:34 Liquidity event 0x85e59df3e16f7a7144475cb7cf801316090c49a45422f7db040c9603683c07d8
    ; 0x4f30e682d0541eac91748bd38a648d759261b8f3  -1383.136418589042 ETH
    ; 0xf6b6f07862a02c85628b3a9688beae07fea9c863   1383.136418589042 ETH
    ; 0xf6b6f07862a02c85628b3a9688beae07fea9c863  -1600 UNI-V1
    ; 0x0000000000000000000000000000000000000000   1600 UNI-V1
    ; 0x4f30e682d0541eac91748bd38a648d759261b8f3  -273246.3380918886 TUSD
    ; 0xf6b6f07862a02c85628b3a9688beae07fea9c863   273246.338091888586 TUSD
    old  -1383.136418589042 ETH
    old  -273246.338091888586 TUSD
    assets:poap.xyz  1383.136418589042 ETH
    assets:poap.xyz  -1600 UNI-V1
    assets:poap.xyz  273246.338091888586 TUSD
    expense:fees  1600 UNI-V1

2019-09-17 04:18:12 Liquidity event 0xf2c5da3927152b15a1848426c14522f04d1aab6d4b9165d2adf85fe825498717
    ; 0x4f30e682d0541eac91748bd38a648d759261b8f3  -13.312688028919 ETH
    ; 0xf6b6f07862a02c85628b3a9688beae07fea9c863   13.312688028919 ETH
    old  -13.312688028919 ETH
    assets:poap.xyz  13.312688028919 ETH

2019-09-17 04:19:24 Liquidity event 0x83601e7a4b6de861adce30072d49c3fa9c3f1ddb09a06bc93154f1d6c7dd18c4
    ; 0x4f30e682d0541eac91748bd38a648d759261b8f3  -13.312688028919 ETH
    ; 0xf6b6f07862a02c85628b3a9688beae07fea9c863   13.312688028919 ETH
    ; 0xf6b6f07862a02c85628b3a9688beae07fea9c863  -15.4 UNI-V1
    ; 0x0000000000000000000000000000000000000000   15.4 UNI-V1
    ; 0x4f30e682d0541eac91748bd38a648d759261b8f3  -2629.996004134427 TUSD
    ; 0xf6b6f07862a02c85628b3a9688beae07fea9c863   2629.996004134427 TUSD
    old  -13.312688028919 ETH
    old  -2629.996004134427 TUSD
    assets:poap.xyz  13.312688028919 ETH
    assets:poap.xyz  -15.4 UNI-V1
    assets:poap.xyz  2629.996004134427 TUSD
    expense:fees  15.4 UNI-V1

2019-09-17 19:04:33 Transfer 0x3a7e79bdced818ee0b5e3ed08b1ff1f7f1f1a1a47678fd9b53e7b3079ac24d47
    ; 0xf6b6f07862a02c85628b3a9688beae07fea9c863  -275905 TUSD
    ; 0x1b4910b9f6a38106e95516c13a04eb4d02db41fd   275905 TUSD
    assets:poap.xyz  -275905 TUSD
    0x1b4910b9f6a38106e95516c13a04eb4d02db41fd  275905 TUSD

2019-09-17 23:39:47 Transfer 0x5e413b7cb3ec07f2ea7da14e5aabc9e66fa43175f450aa919bc2e686fabcc925
    ; 0x3f5ce5fbfe3e9af3971dd833d26ba9b5c936f0be  -1320 ETH
    ; 0xf6b6f07862a02c85628b3a9688beae07fea9c863   1320 ETH
    0x3f5ce5fbfe3e9af3971dd833d26ba9b5c936f0be  -1320 ETH
    assets:poap.xyz  1320 ETH

2019-09-18 11:06:01 Transfer 0x961f7daafd8a983885b6d13da97e2630f1111c31c3f90c8f39209c4ca5fca314
    ; 0xf6b6f07862a02c85628b3a9688beae07fea9c863  -70 ETH
    ; 0x332bef4530c8ce00f7ca955f1be41f9f83727d64   70 ETH
    assets:poap.xyz  -70 ETH
    0x332bef4530c8ce00f7ca955f1be41f9f83727d64  70 ETH

2019-09-18 11:35:03 Liquidity event 0x62d8fb22d87d4d1304f83c9830fd7036a3764d5af451d6b6f3e2529619e9d19d
    ; 0x4740c758859d4651061cc9cdefdba92bdc3a845d  -266.939194910238 ETH
    ; 0xf6b6f07862a02c85628b3a9688beae07fea9c863   266.939194910238 ETH
    ; 0x4740c758859d4651061cc9cdefdba92bdc3a845d  -270.954484223183 SETH
    ; 0xf6b6f07862a02c85628b3a9688beae07fea9c863   270.954484223183 SETH
    0x4740c758859d4651061cc9cdefdba92bdc3a845d  -266.939194910238 ETH
    0x4740c758859d4651061cc9cdefdba92bdc3a845d  -270.954484223183 SETH
    assets:poap.xyz  266.939194910238 ETH
    assets:poap.xyz  270.954484223183 SETH

2019-09-18 11:44:33 Transfer 0x5f7afc455a4bed40db217ef54eab85439f9e61cb048e9e60f8d5213c430f187e
    ; 0xf6b6f07862a02c85628b3a9688beae07fea9c863  -276.9 SETH
    ; 0x57757e3d981446d585af0d9ae4d7df6d64647806   276.9 SETH
    assets:poap.xyz  -276.9 SETH
    assets:patricioworthalter.eth  276.9 SETH

2019-09-18 12:04:08 0xaf023335 0x3954077bb821035cdf1a0e8c44f8ab71914c6e7d6c56f2887d2f2981b06b0629
    ; 0x57757e3d981446d585af0d9ae4d7df6d64647806  -50 SETH
    ; 0x0000000000000000000000000000000000000000   50 SETH
    assets:patricioworthalter.eth  -50 SETH
    expense:fees  50 SETH

2019-09-18 12:14:04 0xaf023335 0xd57effbb74a64c9c8860bf40164afb78f2f26cc3172e899f273f37b6d3f5b641
    ; 0x57757e3d981446d585af0d9ae4d7df6d64647806  -100 SETH
    ; 0x0000000000000000000000000000000000000000   100 SETH
    assets:patricioworthalter.eth  -100 SETH
    expense:fees  100 SETH

2019-09-18 13:43:23 Transfer 0xac26234cd1dcfc42e080b4db3bccc0d735f0fac105c5e66f9c739a8b02261cab
    ; 0xe1e4d457a9ada9407d0f0697a760854f5a64f24a  -17 ETH
    ; 0xf6b6f07862a02c85628b3a9688beae07fea9c863   17 ETH
    0xe1e4d457a9ada9407d0f0697a760854f5a64f24a  -17 ETH
    assets:poap.xyz  17 ETH

2019-09-18 15:15:07 Transfer 0xacf1940c2d8213d332886459f1222e27b194b8b63c32676a587a28ba7c17b452
    ; 0xa1ccc796e2b44e80112c065a4d8f05661e685ed8  -1025 ETH
    ; 0xf6b6f07862a02c85628b3a9688beae07fea9c863   1025 ETH
    0xa1ccc796e2b44e80112c065a4d8f05661e685ed8  -1025 ETH
    assets:poap.xyz  1025 ETH

2019-09-19 13:18:21 0xaf023335 0x3d895cad9bdf31c2b81aa9a2938ff9d93c5e498c1be8709e80c594e7f1cf6551
    ; 0x57757e3d981446d585af0d9ae4d7df6d64647806  -127 SETH
    ; 0x0000000000000000000000000000000000000000   127 SETH
    assets:patricioworthalter.eth  -127 SETH
    expense:fees  127 SETH

2019-09-19 13:24:05 0x1f930115 0x3b50184f761f12301a2d059e6ec3a00ca10c80757c7dc50ede92204eeba8a1a5
    ; 0x57757e3d981446d585af0d9ae4d7df6d64647806  -125.736495653635 ETH
    ; 0x172e09691dfbbc035e37c73b62095caa16ee2388   125.736495653635 ETH
    assets:patricioworthalter.eth  -125.736495653635 ETH
    0x172e09691dfbbc035e37c73b62095caa16ee2388  125.736495653635 ETH

2019-09-19 13:25:22 0x1f930115 0x0c7711b6830d5578362c649a1efbec873f60710efcab107ed801a6b811483741
    ; 0x57757e3d981446d585af0d9ae4d7df6d64647806  -125.736495653635 ETH
    ; 0x172e09691dfbbc035e37c73b62095caa16ee2388   125.736495653635 ETH
    assets:patricioworthalter.eth  -125.736495653635 ETH
    0x172e09691dfbbc035e37c73b62095caa16ee2388  125.736495653635 ETH

2019-09-19 13:33:00 0x9ff8c63f 0x92f8d5b3ea8e10f0f2ac6af287af5a4cedad81c15871b8f37660b058eef7ee41
    ; 0x0000000000000000000000000000000000000000  -241.502124684963 SETH
    ; 0x57757e3d981446d585af0d9ae4d7df6d64647806   241.502124684963 SETH
    expense:fees  -241.502124684963 SETH
    assets:patricioworthalter.eth  241.502124684963 SETH

2019-09-19 13:37:20 0x422f1043 0x09d17a258afe00465e2e2cc0668c03ce716e7b32c09d853cd81b58de52846f86
    ; 0x57757e3d981446d585af0d9ae4d7df6d64647806  -237.161612325764 ETH
    ; 0xe9cf7887b93150d4f2da7dfc6d502b216438f244   237.161612325764 ETH
    ; 0x57757e3d981446d585af0d9ae4d7df6d64647806  -234.999999999999 SETH
    ; 0xe9cf7887b93150d4f2da7dfc6d502b216438f244   234.999999999999 SETH
    assets:patricioworthalter.eth  -237.161612325764 ETH
    assets:patricioworthalter.eth  -234.999999999999 SETH
    0xe9cf7887b93150d4f2da7dfc6d502b216438f244  237.161612325764 ETH
    0xe9cf7887b93150d4f2da7dfc6d502b216438f244  234.999999999999 SETH

2019-09-21 11:43:38 Transfer 0x4ca9bd00983db7c1996cf8b15498c32bb86e94273e81de172adf0ff373a02397
    ; 0x267be1c1d684f78cb4f6a176c4911b741e4ffdc0  -2000 ETH
    ; 0xf6b6f07862a02c85628b3a9688beae07fea9c863   2000 ETH
    0x267be1c1d684f78cb4f6a176c4911b741e4ffdc0  -2000 ETH
    assets:poap.xyz  2000 ETH

2019-09-23 22:35:47 0x1aa3a008 0x7abdf047db53a5795044cd2fcb01a65ad05102012853a0f6138150544c146096
    ; 0xf6b6f07862a02c85628b3a9688beae07fea9c863  -10 SAI
    ; 0x2cbdfb038afb5ed69c65af987c80d5ec6e3ea4f9   10 SAI
    assets:poap.xyz  -10 SAI
    0x2cbdfb038afb5ed69c65af987c80d5ec6e3ea4f9  10 SAI

2019-09-25 16:02:54 Liquidity event 0x382db9d1cfcd9ffb000099a2da265774e8b826aa0df24c580f157087f4520827
    ; 0xe9cf7887b93150d4f2da7dfc6d502b216438f244  -238.006602745246 ETH
    ; 0x57757e3d981446d585af0d9ae4d7df6d64647806   238.006602745246 ETH
    ; 0xe9cf7887b93150d4f2da7dfc6d502b216438f244  -234.518385389718 SETH
    ; 0x57757e3d981446d585af0d9ae4d7df6d64647806   234.518385389718 SETH
    0xe9cf7887b93150d4f2da7dfc6d502b216438f244  -238.006602745246 ETH
    0xe9cf7887b93150d4f2da7dfc6d502b216438f244  -234.518385389718 SETH
    assets:patricioworthalter.eth  238.006602745246 ETH
    assets:patricioworthalter.eth  234.518385389718 SETH

2019-09-25 16:50:07 0x95e3c50b 0x1e3a60c7ca9b595f530357b38acad52bdbaecef0caa28178f2faeb32fcfd60a7
    ; 0xe9cf7887b93150d4f2da7dfc6d502b216438f244  -99.863140553786 ETH
    ; 0x57757e3d981446d585af0d9ae4d7df6d64647806   99.863140553786 ETH
    ; 0x57757e3d981446d585af0d9ae4d7df6d64647806  -100 SETH
    ; 0xe9cf7887b93150d4f2da7dfc6d502b216438f244   100 SETH
    0xe9cf7887b93150d4f2da7dfc6d502b216438f244  -99.863140553786 ETH
    0xe9cf7887b93150d4f2da7dfc6d502b216438f244  100 SETH
    assets:patricioworthalter.eth  99.863140553786 ETH
    assets:patricioworthalter.eth  -100 SETH

2019-09-30 18:11:49 0x4fd9efc4 0x844fcefb953f0a54ef8882f3f821c088bbf5be93efcd7b65e4faa67d5a382149
    ; 0xd924bdd6fa7fd3d0eb1337853a814a4263dcbfe8  -71.98 ETH
    ; 0xf6b6f07862a02c85628b3a9688beae07fea9c863   71.98 ETH
    0xd924bdd6fa7fd3d0eb1337853a814a4263dcbfe8  -71.98 ETH
    assets:poap.xyz  71.98 ETH

2019-10-02 00:45:54 Swap 0x14d347ab5c137f966ef72d6a3ff511d1308ade17f83c3d59a95d3e807256e8ab
    ; 0x11111254369792b2ca5d084ab5eea397ca8fa48b  -600.061622468475 SAI
    ; 0xf6b6f07862a02c85628b3a9688beae07fea9c863   600.061622468475 SAI
    ; self account changes:
    ; ERROR! cannot infer trade
    ;   change: assets:poap.xyz  600.061622468475 SAI
    0x11111254369792b2ca5d084ab5eea397ca8fa48b  -600.061622468475 SAI
    assets:poap.xyz  600.061622468475 SAI

2019-10-02 14:22:07 Transfer 0x1dfbc499855b090f5f4c6f7500742be78db94083393387b4e1e3bb157c2090e3
    ; 0x2b5634c42055806a59e9107ed44d43c426e58258  -5.34539168 ETH
    ; 0xf6b6f07862a02c85628b3a9688beae07fea9c863   5.34539168 ETH
    0x2b5634c42055806a59e9107ed44d43c426e58258  -5.34539168 ETH
    assets:poap.xyz  5.34539168 ETH

2019-10-02 21:45:21 0xab832b43 0x29b69220fcd3dee9d132cb5ee235ac671f60e20945a0d4e8bca2cd2edd2fa00d
    ; 0xf6b6f07862a02c85628b3a9688beae07fea9c863  -10 SAI
    ; 0x587fb98e404a18503a24cf19abb1887704beb407   10 SAI
    assets:poap.xyz  -10 SAI
    0x587fb98e404a18503a24cf19abb1887704beb407  10 SAI

2019-10-02 21:45:44 0xab832b43 0x6875c185caa4ec9f6cc38c764b476adbda884b30a019778c82db0334fe8691dd
    ; 0xf6b6f07862a02c85628b3a9688beae07fea9c863  -50 SAI
    ; 0xc8b186ed4780143ba9116387611063a0e96d7b8f   50 SAI
    assets:poap.xyz  -50 SAI
    0xc8b186ed4780143ba9116387611063a0e96d7b8f  50 SAI

2019-10-02 21:48:09 0xab832b43 0xa2f46c3c9e8945289e501cbafefb3ba43d50fc2fe9a7a3d1fdc2753f44d096a4
    ; 0xf6b6f07862a02c85628b3a9688beae07fea9c863  -50 SAI
    ; 0xa19fcdad77c1f0fd184689aca88babcf68010347   50 SAI
    assets:poap.xyz  -50 SAI
    0xa19fcdad77c1f0fd184689aca88babcf68010347  50 SAI

2019-10-05 19:31:49 0x1aa3a008 0xb46c4cf26696b7169158d83a9df3fe94bf93c2089217dcb581572a6f06c52aed
    ; 0xf6b6f07862a02c85628b3a9688beae07fea9c863  -10 SAI
    ; 0xb7bbb5f9ada8568e6968fc3f70817d78bb7d1260   10 SAI
    assets:poap.xyz  -10 SAI
    0xb7bbb5f9ada8568e6968fc3f70817d78bb7d1260  10 SAI

2019-10-06 05:12:01 Transfer 0x8480d404ef35d177570296f1ed80ccc50ef880e0d99b85ad7360f57a3d1f29d2
    ; 0xf6b6f07862a02c85628b3a9688beae07fea9c863  -1 ETH
    ; 0xb80f80d58fe1fc7254223c0d47849cb16106a1c8   1 ETH
    assets:poap.xyz  -1 ETH
    0xb80f80d58fe1fc7254223c0d47849cb16106a1c8  1 ETH

2019-10-06 05:13:16 Transfer 0xe8a9c16a30d857801858337a2b244bcaf6ffa8f8f99009cbb591a4d8841acd1d
    ; 0xf6b6f07862a02c85628b3a9688beae07fea9c863  -1 ETH
    ; 0x191167380d430036ca2cb067ab86b527e3d584ee   1 ETH
    assets:poap.xyz  -1 ETH
    0x191167380d430036ca2cb067ab86b527e3d584ee  1 ETH

2019-10-06 05:13:16 Transfer 0x97b634af29bcab841c700841429c35e515ce23d8d4af4df1038e3b2ea417c0fc
    ; 0xf6b6f07862a02c85628b3a9688beae07fea9c863  -1 ETH
    ; 0xb6f99154cb6910e8ca856103e0b8bb61702b103f   1 ETH
    assets:poap.xyz  -1 ETH
    0xb6f99154cb6910e8ca856103e0b8bb61702b103f  1 ETH

2019-10-06 05:13:16 Transfer 0x0c1e21d27a77cde3ddf62c2a62ed3d904cdc78ca32de8c689abb81ded8c6d938
    ; 0xf6b6f07862a02c85628b3a9688beae07fea9c863  -1 ETH
    ; 0x8d7241770dc4c944d30dbc41ca37f92be43ba5f2   1 ETH
    assets:poap.xyz  -1 ETH
    0x8d7241770dc4c944d30dbc41ca37f92be43ba5f2  1 ETH

2019-10-06 05:14:51 Transfer 0xc5c518f85699089a2c62f6305b5e11787943d7f8d1d478c15113dddc56996240
    ; 0xf6b6f07862a02c85628b3a9688beae07fea9c863  -1 ETH
    ; 0xb2d9fcd799a91ffe9997728f8358abca37ad8986   1 ETH
    assets:poap.xyz  -1 ETH
    0xb2d9fcd799a91ffe9997728f8358abca37ad8986  1 ETH

2019-10-06 05:14:51 Transfer 0x886390881e6932ed0bbb4f8156b2d8e1fdec80f461f5431fbd94d9b23e7f0d3a
    ; 0xf6b6f07862a02c85628b3a9688beae07fea9c863  -1 ETH
    ; 0xa9097d6317bc03dd50222785134eaafc30fa9913   1 ETH
    assets:poap.xyz  -1 ETH
    0xa9097d6317bc03dd50222785134eaafc30fa9913  1 ETH

2019-10-06 05:14:51 Transfer 0xa2893255ffa8396e6609f65de51af9c0d35d38ae21282548a0354946b9f8a36a
    ; 0xf6b6f07862a02c85628b3a9688beae07fea9c863  -1 ETH
    ; 0x4c25c9b42eb2a70f1040fe5f76baac85e5b9cc5a   1 ETH
    assets:poap.xyz  -1 ETH
    0x4c25c9b42eb2a70f1040fe5f76baac85e5b9cc5a  1 ETH

2019-10-06 05:15:04 Transfer 0x57b48db8d8cdfafc0adf0a9a5c9f7584662b1f0157399df8668aed1dd726eb03
    ; 0xf6b6f07862a02c85628b3a9688beae07fea9c863  -1 ETH
    ; 0x1f4fe9d5e315c12004dfd0e5d628abb270d84032   1 ETH
    assets:poap.xyz  -1 ETH
    0x1f4fe9d5e315c12004dfd0e5d628abb270d84032  1 ETH

2019-10-06 05:17:14 Transfer 0x5e6dd6639e7b0c07f8db011fa5f3f74d429468dffa9014378886802eb08b7c80
    ; 0xf6b6f07862a02c85628b3a9688beae07fea9c863  -1 ETH
    ; 0x667fd8907f28880487f30e499bc8ee21a3184a3f   1 ETH
    assets:poap.xyz  -1 ETH
    0x667fd8907f28880487f30e499bc8ee21a3184a3f  1 ETH

2019-10-06 05:49:14 Transfer 0x05cc7470b73b8e05cc1f5454c550433f7020705439469ed0bb774e8c42e94ce6
    ; 0xf6b6f07862a02c85628b3a9688beae07fea9c863  -1 ETH
    ; 0x4a1488583c89411fc9efe0e30d240c80b04ce606   1 ETH
    assets:poap.xyz  -1 ETH
    0x4a1488583c89411fc9efe0e30d240c80b04ce606  1 ETH

2019-10-06 06:28:34 Transfer 0x7de4e89cceff85172d2ae5b32e4208d6f20192814b8d1cefdee9c2816f66880b
    ; 0xf6b6f07862a02c85628b3a9688beae07fea9c863  -1 ETH
    ; 0x233d362eca2887de19ad26b1356f1c871ae2f123   1 ETH
    assets:poap.xyz  -1 ETH
    0x233d362eca2887de19ad26b1356f1c871ae2f123  1 ETH

2019-10-06 10:08:12 Transfer 0x9a0ab389036fc07a084bf5f51170e9e82a21c51b2758564c9f8339ec71112dcd
    ; 0xf6b6f07862a02c85628b3a9688beae07fea9c863  -1 ETH
    ; 0xe583f95bf95d0883f94efe844442c8bfc9dd7a7f   1 ETH
    assets:poap.xyz  -1 ETH
    0xe583f95bf95d0883f94efe844442c8bfc9dd7a7f  1 ETH

2019-10-07 19:23:34 0x3ccfd60b 0xf01094c83d17ae9f54eb540f7f9a400007590db00db6563d6a9f405bb59edba8
    ; 0xb7bbb5f9ada8568e6968fc3f70817d78bb7d1260  -13.870967741935 SAI
    ; 0xf6b6f07862a02c85628b3a9688beae07fea9c863   13.870967741935 SAI
    0xb7bbb5f9ada8568e6968fc3f70817d78bb7d1260  -13.870967741935 SAI
    assets:poap.xyz  13.870967741935 SAI

2019-10-10 05:30:54 Transfer 0x0f230269c625d0f1eadf15ed0aa534044108577dd1a14f05a6c5fb682e0f788d
    ; 0xa8502b841d9fcd5d2a4c7439a13e87796aed56a1  -258.4 ETH
    ; 0xf6b6f07862a02c85628b3a9688beae07fea9c863   258.4 ETH
    0xa8502b841d9fcd5d2a4c7439a13e87796aed56a1  -258.4 ETH
    assets:poap.xyz  258.4 ETH

2019-10-11 22:28:43 Transfer 0x9c74261af7e0e7e22181d3e0e0aae9b50fda6243fb3d7c52e13b3947a19e0088
    ; 0x57757e3d981446d585af0d9ae4d7df6d64647806  -19011.4 NXM
    ; 0xa8502b841d9fcd5d2a4c7439a13e87796aed56a1   19011.4 NXM
    assets:patricioworthalter.eth  -19011.4 NXM
    0xa8502b841d9fcd5d2a4c7439a13e87796aed56a1  19011.4 NXM

2019-10-12 04:01:22 Swap 0x80773043acf0bbe6892315dc1c2027d9b2b6ac8c34a72fef78c071fead182e23
    ; 0xfd61352232157815cf7b71045557192bf0ce1884  -23.41937167276 ETH
    ; 0x57757e3d981446d585af0d9ae4d7df6d64647806   23.41937167276 ETH
    ; 0x57757e3d981446d585af0d9ae4d7df6d64647806  -1269.59999 NXM
    ; 0x0000000000000000000000000000000000000000   1269.59999 NXM
    assets:patricioworthalter.eth    -1269.59999 NXM
    equity:conversion    1269.59999 NXM
    equity:conversion   -23.41937167276 ETH
    assets:patricioworthalter.eth  23.41937167276 ETH @@ 1269.59999 NXM

2019-10-12 04:03:24 Swap 0xe316a1dd02e4d456ece5e03eeab350f4bec10ea055240822f4d32befcafe67e6
    ; 0xfd61352232157815cf7b71045557192bf0ce1884  -23.332704726689 ETH
    ; 0x57757e3d981446d585af0d9ae4d7df6d64647806   23.332704726689 ETH
    ; 0x57757e3d981446d585af0d9ae4d7df6d64647806  -1269.59999 NXM
    ; 0x0000000000000000000000000000000000000000   1269.59999 NXM
    assets:patricioworthalter.eth    -1269.59999 NXM
    equity:conversion    1269.59999 NXM
    equity:conversion   -23.332704726689 ETH
    assets:patricioworthalter.eth  23.332704726689 ETH @@ 1269.59999 NXM

2019-10-12 04:05:09 Swap 0x868b746340307b065cdab2d6d3511b0ebfec1fe90028aa603e90006f2494e7a5
    ; 0xfd61352232157815cf7b71045557192bf0ce1884  -23.245073922362 ETH
    ; 0x57757e3d981446d585af0d9ae4d7df6d64647806   23.245073922362 ETH
    ; 0x57757e3d981446d585af0d9ae4d7df6d64647806  -1269.59999 NXM
    ; 0x0000000000000000000000000000000000000000   1269.59999 NXM
    assets:patricioworthalter.eth    -1269.59999 NXM
    equity:conversion    1269.59999 NXM
    equity:conversion   -23.245073922362 ETH
    assets:patricioworthalter.eth  23.245073922362 ETH @@ 1269.59999 NXM

2019-10-12 04:07:31 Swap 0x98cf391514bf9fa7ff120b3e2827a1f00a51709012f820bbad78ee7b957ebd46
    ; 0xfd61352232157815cf7b71045557192bf0ce1884  -23.160013207724 ETH
    ; 0x57757e3d981446d585af0d9ae4d7df6d64647806   23.160013207724 ETH
    ; 0x57757e3d981446d585af0d9ae4d7df6d64647806  -1269.59999 NXM
    ; 0x0000000000000000000000000000000000000000   1269.59999 NXM
    assets:patricioworthalter.eth    -1269.59999 NXM
    equity:conversion    1269.59999 NXM
    equity:conversion   -23.160013207724 ETH
    assets:patricioworthalter.eth  23.160013207724 ETH @@ 1269.59999 NXM

2019-10-12 04:08:53 Swap 0x1caf5f28bd235f2e3c0db4d1432f11a76661f1130d74aa5ea4b619ac5162a217
    ; 0xfd61352232157815cf7b71045557192bf0ce1884  -23.075469371651 ETH
    ; 0x57757e3d981446d585af0d9ae4d7df6d64647806   23.075469371651 ETH
    ; 0x57757e3d981446d585af0d9ae4d7df6d64647806  -1269.59999 NXM
    ; 0x0000000000000000000000000000000000000000   1269.59999 NXM
    assets:patricioworthalter.eth    -1269.59999 NXM
    equity:conversion    1269.59999 NXM
    equity:conversion   -23.075469371651 ETH
    assets:patricioworthalter.eth  23.075469371651 ETH @@ 1269.59999 NXM

2019-10-12 04:10:14 Swap 0x2fedd9bc89086ccec26a729928e70d8f68044d4a602076061a3d0fcab59497e2
    ; 0xfd61352232157815cf7b71045557192bf0ce1884  -22.991977383764 ETH
    ; 0x57757e3d981446d585af0d9ae4d7df6d64647806   22.991977383764 ETH
    ; 0x57757e3d981446d585af0d9ae4d7df6d64647806  -1269.59999 NXM
    ; 0x0000000000000000000000000000000000000000   1269.59999 NXM
    assets:patricioworthalter.eth    -1269.59999 NXM
    equity:conversion    1269.59999 NXM
    equity:conversion   -22.991977383764 ETH
    assets:patricioworthalter.eth  22.991977383764 ETH @@ 1269.59999 NXM

2019-10-12 04:11:40 Swap 0x64dc2becbb25b37142a9e4957604be2d7dc1566dc4b1cb7c6c9231b6a03b16f8
    ; 0xfd61352232157815cf7b71045557192bf0ce1884  -22.910447233484 ETH
    ; 0x57757e3d981446d585af0d9ae4d7df6d64647806   22.910447233484 ETH
    ; 0x57757e3d981446d585af0d9ae4d7df6d64647806  -1269.59999 NXM
    ; 0x0000000000000000000000000000000000000000   1269.59999 NXM
    assets:patricioworthalter.eth    -1269.59999 NXM
    equity:conversion    1269.59999 NXM
    equity:conversion   -22.910447233484 ETH
    assets:patricioworthalter.eth  22.910447233484 ETH @@ 1269.59999 NXM

2019-10-12 04:14:13 Swap 0x612db1c218c7ee09e8054699abac476e462c5c6194145378c3eab69e8fd91bec
    ; 0xfd61352232157815cf7b71045557192bf0ce1884  -22.827426019254 ETH
    ; 0x57757e3d981446d585af0d9ae4d7df6d64647806   22.827426019254 ETH
    ; 0x57757e3d981446d585af0d9ae4d7df6d64647806  -1269.59999 NXM
    ; 0x0000000000000000000000000000000000000000   1269.59999 NXM
    assets:patricioworthalter.eth    -1269.59999 NXM
    equity:conversion    1269.59999 NXM
    equity:conversion   -22.827426019254 ETH
    assets:patricioworthalter.eth  22.827426019254 ETH @@ 1269.59999 NXM

2019-10-12 04:15:22 Swap 0xb3d4afc25bdea9c0a5c40385ccab93555db206035dd2b44d31a8cb70ab19ef34
    ; 0xfd61352232157815cf7b71045557192bf0ce1884  -22.747406310621 ETH
    ; 0x57757e3d981446d585af0d9ae4d7df6d64647806   22.747406310621 ETH
    ; 0x57757e3d981446d585af0d9ae4d7df6d64647806  -1269.59999 NXM
    ; 0x0000000000000000000000000000000000000000   1269.59999 NXM
    assets:patricioworthalter.eth    -1269.59999 NXM
    equity:conversion    1269.59999 NXM
    equity:conversion   -22.747406310621 ETH
    assets:patricioworthalter.eth  22.747406310621 ETH @@ 1269.59999 NXM

2019-10-12 04:16:43 Swap 0x825a3c28c0e9f8e427aa2510ba6ef3c0e3e70d84962260c45549d3f910b95d6a
    ; 0xfd61352232157815cf7b71045557192bf0ce1884  -22.665909054345 ETH
    ; 0x57757e3d981446d585af0d9ae4d7df6d64647806   22.665909054345 ETH
    ; 0x57757e3d981446d585af0d9ae4d7df6d64647806  -1269.59999 NXM
    ; 0x0000000000000000000000000000000000000000   1269.59999 NXM
    assets:patricioworthalter.eth    -1269.59999 NXM
    equity:conversion    1269.59999 NXM
    equity:conversion   -22.665909054345 ETH
    assets:patricioworthalter.eth  22.665909054345 ETH @@ 1269.59999 NXM

2019-10-12 04:17:57 Swap 0xa603256b280b0de8b7a8ff909b949efbfa737406e11231f2c7ee9fd49940bd2b
    ; 0xfd61352232157815cf7b71045557192bf0ce1884  -22.586851755723 ETH
    ; 0x57757e3d981446d585af0d9ae4d7df6d64647806   22.586851755723 ETH
    ; 0x57757e3d981446d585af0d9ae4d7df6d64647806  -1269.59999 NXM
    ; 0x0000000000000000000000000000000000000000   1269.59999 NXM
    assets:patricioworthalter.eth    -1269.59999 NXM
    equity:conversion    1269.59999 NXM
    equity:conversion   -22.586851755723 ETH
    assets:patricioworthalter.eth  22.586851755723 ETH @@ 1269.59999 NXM

2019-10-12 04:18:41 Swap 0x1c924e33b50828665cfc50cb7af0b3a6ec69ed3576083d665b96e6c93caef8b5
    ; 0xfd61352232157815cf7b71045557192bf0ce1884  -22.508266947619 ETH
    ; 0x57757e3d981446d585af0d9ae4d7df6d64647806   22.508266947619 ETH
    ; 0x57757e3d981446d585af0d9ae4d7df6d64647806  -1269.59999 NXM
    ; 0x0000000000000000000000000000000000000000   1269.59999 NXM
    assets:patricioworthalter.eth    -1269.59999 NXM
    equity:conversion    1269.59999 NXM
    equity:conversion   -22.508266947619 ETH
    assets:patricioworthalter.eth  22.508266947619 ETH @@ 1269.59999 NXM

2019-10-12 04:19:36 Swap 0x4ccecdff741d1d0825dbd058aff80e8fcb715670fb4355af504dd866d17597e2
    ; 0xfd61352232157815cf7b71045557192bf0ce1884  -22.430152743696 ETH
    ; 0x57757e3d981446d585af0d9ae4d7df6d64647806   22.430152743696 ETH
    ; 0x57757e3d981446d585af0d9ae4d7df6d64647806  -1269.59999 NXM
    ; 0x0000000000000000000000000000000000000000   1269.59999 NXM
    assets:patricioworthalter.eth    -1269.59999 NXM
    equity:conversion    1269.59999 NXM
    equity:conversion   -22.430152743696 ETH
    assets:patricioworthalter.eth  22.430152743696 ETH @@ 1269.59999 NXM

2019-10-12 04:20:45 Swap 0x9cfab740e0446472b6b22be2e1d304d4f5200b981828496606d6596d630894f6
    ; 0xfd61352232157815cf7b71045557192bf0ce1884  -22.352507261385 ETH
    ; 0x57757e3d981446d585af0d9ae4d7df6d64647806   22.352507261385 ETH
    ; 0x57757e3d981446d585af0d9ae4d7df6d64647806  -1269.59999 NXM
    ; 0x0000000000000000000000000000000000000000   1269.59999 NXM
    assets:patricioworthalter.eth    -1269.59999 NXM
    equity:conversion    1269.59999 NXM
    equity:conversion   -22.352507261385 ETH
    assets:patricioworthalter.eth  22.352507261385 ETH @@ 1269.59999 NXM

2019-10-12 04:22:08 Swap 0x08cf5376bff79af9910a812771be09d6ef057fa61e9bdfdd55d39f0b91385328
    ; 0xfd61352232157815cf7b71045557192bf0ce1884  -22.275328621893 ETH
    ; 0x57757e3d981446d585af0d9ae4d7df6d64647806   22.275328621893 ETH
    ; 0x57757e3d981446d585af0d9ae4d7df6d64647806  -1269.59999 NXM
    ; 0x0000000000000000000000000000000000000000   1269.59999 NXM
    assets:patricioworthalter.eth    -1269.59999 NXM
    equity:conversion    1269.59999 NXM
    equity:conversion   -22.275328621893 ETH
    assets:patricioworthalter.eth  22.275328621893 ETH @@ 1269.59999 NXM

2019-10-12 04:22:58 Swap 0x69c9008f7329cca4dcfc3d1fbf5e4103560d2b675597fbd539fdc97f00b0279a
    ; 0xfd61352232157815cf7b71045557192bf0ce1884  -22.198614950199 ETH
    ; 0x57757e3d981446d585af0d9ae4d7df6d64647806   22.198614950199 ETH
    ; 0x57757e3d981446d585af0d9ae4d7df6d64647806  -1269.59999 NXM
    ; 0x0000000000000000000000000000000000000000   1269.59999 NXM
    assets:patricioworthalter.eth    -1269.59999 NXM
    equity:conversion    1269.59999 NXM
    equity:conversion   -22.198614950199 ETH
    assets:patricioworthalter.eth  22.198614950199 ETH @@ 1269.59999 NXM

2019-10-12 04:24:35 Swap 0x06839469818d530025cfbc030bdf5aa8e63a1298a15062fb3800a8e082ba9448
    ; 0xfd61352232157815cf7b71045557192bf0ce1884  -22.124740214327 ETH
    ; 0x57757e3d981446d585af0d9ae4d7df6d64647806   22.124740214327 ETH
    ; 0x57757e3d981446d585af0d9ae4d7df6d64647806  -1269.59999 NXM
    ; 0x0000000000000000000000000000000000000000   1269.59999 NXM
    assets:patricioworthalter.eth    -1269.59999 NXM
    equity:conversion    1269.59999 NXM
    equity:conversion   -22.124740214327 ETH
    assets:patricioworthalter.eth  22.124740214327 ETH @@ 1269.59999 NXM

2019-10-12 04:25:40 Swap 0x795c62b835bd64e83c2cd9e7fe003502bb56e4b9d52a47cf1a53d1aa275d7ede
    ; 0xfd61352232157815cf7b71045557192bf0ce1884  -22.04893648308 ETH
    ; 0x57757e3d981446d585af0d9ae4d7df6d64647806   22.04893648308 ETH
    ; 0x57757e3d981446d585af0d9ae4d7df6d64647806  -1269.59999 NXM
    ; 0x0000000000000000000000000000000000000000   1269.59999 NXM
    assets:patricioworthalter.eth    -1269.59999 NXM
    equity:conversion    1269.59999 NXM
    equity:conversion   -22.04893648308 ETH
    assets:patricioworthalter.eth  22.04893648308 ETH @@ 1269.59999 NXM

2019-10-12 04:26:28 Swap 0xab3f9db88db57955f11b13ec1673680c7d4bb09d051b02658b44af9260a95f75
    ; 0xfd61352232157815cf7b71045557192bf0ce1884  -21.975939749326 ETH
    ; 0x57757e3d981446d585af0d9ae4d7df6d64647806   21.975939749326 ETH
    ; 0x57757e3d981446d585af0d9ae4d7df6d64647806  -1269.59999 NXM
    ; 0x0000000000000000000000000000000000000000   1269.59999 NXM
    assets:patricioworthalter.eth    -1269.59999 NXM
    equity:conversion    1269.59999 NXM
    equity:conversion   -21.975939749326 ETH
    assets:patricioworthalter.eth  21.975939749326 ETH @@ 1269.59999 NXM

2019-10-12 04:27:51 Swap 0xc86eefa63f3fbf241514193f83b249e474213435eb9a19f81525eae124c084f0
    ; 0xfd61352232157815cf7b71045557192bf0ce1884  -21.903372482682 ETH
    ; 0x57757e3d981446d585af0d9ae4d7df6d64647806   21.903372482682 ETH
    ; 0x57757e3d981446d585af0d9ae4d7df6d64647806  -1269.59999 NXM
    ; 0x0000000000000000000000000000000000000000   1269.59999 NXM
    assets:patricioworthalter.eth    -1269.59999 NXM
    equity:conversion    1269.59999 NXM
    equity:conversion   -21.903372482682 ETH
    assets:patricioworthalter.eth  21.903372482682 ETH @@ 1269.59999 NXM

2019-10-12 04:29:29 Swap 0xd89b6fb99ceac26d9a2b6877ca506dd1db1debd1b6929f22da3b3f7ed8ab333e
    ; 0xfd61352232157815cf7b71045557192bf0ce1884  -21.829403814077 ETH
    ; 0x57757e3d981446d585af0d9ae4d7df6d64647806   21.829403814077 ETH
    ; 0x57757e3d981446d585af0d9ae4d7df6d64647806  -1269.59999 NXM
    ; 0x0000000000000000000000000000000000000000   1269.59999 NXM
    assets:patricioworthalter.eth    -1269.59999 NXM
    equity:conversion    1269.59999 NXM
    equity:conversion   -21.829403814077 ETH
    assets:patricioworthalter.eth  21.829403814077 ETH @@ 1269.59999 NXM

2019-10-12 04:32:29 Swap 0xf8fe99c059b3f2cccc968deb54c09726d34ae49cf5ef1d17c582fb60a5ca3092
    ; 0xfd61352232157815cf7b71045557192bf0ce1884  -21.757701233094 ETH
    ; 0x57757e3d981446d585af0d9ae4d7df6d64647806   21.757701233094 ETH
    ; 0x57757e3d981446d585af0d9ae4d7df6d64647806  -1269.59999 NXM
    ; 0x0000000000000000000000000000000000000000   1269.59999 NXM
    assets:patricioworthalter.eth    -1269.59999 NXM
    equity:conversion    1269.59999 NXM
    equity:conversion   -21.757701233094 ETH
    assets:patricioworthalter.eth  21.757701233094 ETH @@ 1269.59999 NXM

2019-10-12 04:35:25 Swap 0xb4303ff484198b54aedf0f4579fe7d382a62f45dcbfcff76aa7b5bf116bd6b50
    ; 0xfd61352232157815cf7b71045557192bf0ce1884  -21.686423023131 ETH
    ; 0x57757e3d981446d585af0d9ae4d7df6d64647806   21.686423023131 ETH
    ; 0x57757e3d981446d585af0d9ae4d7df6d64647806  -1269.59999 NXM
    ; 0x0000000000000000000000000000000000000000   1269.59999 NXM
    assets:patricioworthalter.eth    -1269.59999 NXM
    equity:conversion    1269.59999 NXM
    equity:conversion   -21.686423023131 ETH
    assets:patricioworthalter.eth  21.686423023131 ETH @@ 1269.59999 NXM

2019-10-12 04:36:20 Swap 0xaa3033e93083246f060556a1b570377ecd4a8a7b8a081456277b02fb56bb7a5c
    ; 0xfd61352232157815cf7b71045557192bf0ce1884  -21.615567506452 ETH
    ; 0x57757e3d981446d585af0d9ae4d7df6d64647806   21.615567506452 ETH
    ; 0x57757e3d981446d585af0d9ae4d7df6d64647806  -1269.59999 NXM
    ; 0x0000000000000000000000000000000000000000   1269.59999 NXM
    assets:patricioworthalter.eth    -1269.59999 NXM
    equity:conversion    1269.59999 NXM
    equity:conversion   -21.615567506452 ETH
    assets:patricioworthalter.eth  21.615567506452 ETH @@ 1269.59999 NXM

2019-10-12 04:36:56 Swap 0x7008516a0eb7e05acfc8e04fd6f199306d6d5a2470e5169cdd3d921da0555c80
    ; 0xfd61352232157815cf7b71045557192bf0ce1884  -21.54691919973 ETH
    ; 0x57757e3d981446d585af0d9ae4d7df6d64647806   21.54691919973 ETH
    ; 0x57757e3d981446d585af0d9ae4d7df6d64647806  -1269.59999 NXM
    ; 0x0000000000000000000000000000000000000000   1269.59999 NXM
    assets:patricioworthalter.eth    -1269.59999 NXM
    equity:conversion    1269.59999 NXM
    equity:conversion   -21.54691919973 ETH
    assets:patricioworthalter.eth  21.54691919973 ETH @@ 1269.59999 NXM

2019-10-12 04:39:09 Swap 0x13fa44bdd16cb219bd99b75b37f55e27138d1ad7f1c815799917833de787317b
    ; 0xfd61352232157815cf7b71045557192bf0ce1884  -21.477369883432 ETH
    ; 0x57757e3d981446d585af0d9ae4d7df6d64647806   21.477369883432 ETH
    ; 0x57757e3d981446d585af0d9ae4d7df6d64647806  -1269.59999 NXM
    ; 0x0000000000000000000000000000000000000000   1269.59999 NXM
    assets:patricioworthalter.eth    -1269.59999 NXM
    equity:conversion    1269.59999 NXM
    equity:conversion   -21.477369883432 ETH
    assets:patricioworthalter.eth  21.477369883432 ETH @@ 1269.59999 NXM

2019-10-12 04:41:11 Swap 0x4978d5af24e7c163ef33686eb5118911e4386fec23f8c5ce7bcc8917436ca551
    ; 0xfd61352232157815cf7b71045557192bf0ce1884  -21.407758965861 ETH
    ; 0x57757e3d981446d585af0d9ae4d7df6d64647806   21.407758965861 ETH
    ; 0x57757e3d981446d585af0d9ae4d7df6d64647806  -1269.59999 NXM
    ; 0x0000000000000000000000000000000000000000   1269.59999 NXM
    assets:patricioworthalter.eth    -1269.59999 NXM
    equity:conversion    1269.59999 NXM
    equity:conversion   -21.407758965861 ETH
    assets:patricioworthalter.eth  21.407758965861 ETH @@ 1269.59999 NXM

2019-10-12 04:42:32 Swap 0xe499211cbb66110dd05d28c471beb3e832f5869eac37946d18003782a7529e97
    ; 0xfd61352232157815cf7b71045557192bf0ce1884  -21.340789732078 ETH
    ; 0x57757e3d981446d585af0d9ae4d7df6d64647806   21.340789732078 ETH
    ; 0x57757e3d981446d585af0d9ae4d7df6d64647806  -1269.59999 NXM
    ; 0x0000000000000000000000000000000000000000   1269.59999 NXM
    assets:patricioworthalter.eth    -1269.59999 NXM
    equity:conversion    1269.59999 NXM
    equity:conversion   -21.340789732078 ETH
    assets:patricioworthalter.eth  21.340789732078 ETH @@ 1269.59999 NXM

2019-10-12 04:43:15 Swap 0x8aa2cdb86e29e39b25c92d35bb597565ba903c9cad44cff08001e8db170fa24a
    ; 0xfd61352232157815cf7b71045557192bf0ce1884  -21.27420865162 ETH
    ; 0x57757e3d981446d585af0d9ae4d7df6d64647806   21.27420865162 ETH
    ; 0x57757e3d981446d585af0d9ae4d7df6d64647806  -1269.59999 NXM
    ; 0x0000000000000000000000000000000000000000   1269.59999 NXM
    assets:patricioworthalter.eth    -1269.59999 NXM
    equity:conversion    1269.59999 NXM
    equity:conversion   -21.27420865162 ETH
    assets:patricioworthalter.eth  21.27420865162 ETH @@ 1269.59999 NXM

2019-10-12 04:43:59 Transfer 0xe367e54ea8d003c93918cc7dcdfedff313039fbccb539de79c93d0327092861d
    ; 0xf6b6f07862a02c85628b3a9688beae07fea9c863  -54.25 ETH
    ; 0x5bcbae3c13941da37231ce987dccf6b591837fd9   54.25 ETH
    assets:poap.xyz  -54.25 ETH
    0x5bcbae3c13941da37231ce987dccf6b591837fd9  54.25 ETH

2019-10-12 04:44:39 Swap 0x6953ac857216f896e88142b909629795dd3af4504ba844bf0b34ab2fb786a694
    ; 0xfd61352232157815cf7b71045557192bf0ce1884  -21.20581438223 ETH
    ; 0x57757e3d981446d585af0d9ae4d7df6d64647806   21.20581438223 ETH
    ; 0x57757e3d981446d585af0d9ae4d7df6d64647806  -1269.59999 NXM
    ; 0x0000000000000000000000000000000000000000   1269.59999 NXM
    assets:patricioworthalter.eth    -1269.59999 NXM
    equity:conversion    1269.59999 NXM
    equity:conversion   -21.20581438223 ETH
    assets:patricioworthalter.eth  21.20581438223 ETH @@ 1269.59999 NXM

2019-10-12 04:45:46 Swap 0xd06f2d225d4f39cba7148c6e105a2ff88e2e6da64c81ab5f925165c9c629472b
    ; 0xfd61352232157815cf7b71045557192bf0ce1884  -21.140017915712 ETH
    ; 0x57757e3d981446d585af0d9ae4d7df6d64647806   21.140017915712 ETH
    ; 0x57757e3d981446d585af0d9ae4d7df6d64647806  -1269.59999 NXM
    ; 0x0000000000000000000000000000000000000000   1269.59999 NXM
    assets:patricioworthalter.eth    -1269.59999 NXM
    equity:conversion    1269.59999 NXM
    equity:conversion   -21.140017915712 ETH
    assets:patricioworthalter.eth  21.140017915712 ETH @@ 1269.59999 NXM

2019-10-12 04:47:14 Swap 0xc8f18e506ff6c79b082410a3c2c84384e6b5720c2871d32e777edd4549c2758a
    ; 0xfd61352232157815cf7b71045557192bf0ce1884  -21.074605053228 ETH
    ; 0x57757e3d981446d585af0d9ae4d7df6d64647806   21.074605053228 ETH
    ; 0x57757e3d981446d585af0d9ae4d7df6d64647806  -1269.59999 NXM
    ; 0x0000000000000000000000000000000000000000   1269.59999 NXM
    assets:patricioworthalter.eth    -1269.59999 NXM
    equity:conversion    1269.59999 NXM
    equity:conversion   -21.074605053228 ETH
    assets:patricioworthalter.eth  21.074605053228 ETH @@ 1269.59999 NXM

2019-10-12 04:48:45 Swap 0x3c2e1ca3b9442ded17ff71d4c982453284be2d69dd56e624497922a58aa0ceb2
    ; 0xfd61352232157815cf7b71045557192bf0ce1884  -21.009574300891 ETH
    ; 0x57757e3d981446d585af0d9ae4d7df6d64647806   21.009574300891 ETH
    ; 0x57757e3d981446d585af0d9ae4d7df6d64647806  -1269.59999 NXM
    ; 0x0000000000000000000000000000000000000000   1269.59999 NXM
    assets:patricioworthalter.eth    -1269.59999 NXM
    equity:conversion    1269.59999 NXM
    equity:conversion   -21.009574300891 ETH
    assets:patricioworthalter.eth  21.009574300891 ETH @@ 1269.59999 NXM

2019-10-12 04:50:48 Swap 0xb0b645966406d613bee1c96b532ee6204789c0b7f6d99aca1d12a3c05441fb96
    ; 0xfd61352232157815cf7b71045557192bf0ce1884  -20.94537879523 ETH
    ; 0x57757e3d981446d585af0d9ae4d7df6d64647806   20.94537879523 ETH
    ; 0x57757e3d981446d585af0d9ae4d7df6d64647806  -1269.59999 NXM
    ; 0x0000000000000000000000000000000000000000   1269.59999 NXM
    assets:patricioworthalter.eth    -1269.59999 NXM
    equity:conversion    1269.59999 NXM
    equity:conversion   -20.94537879523 ETH
    assets:patricioworthalter.eth  20.94537879523 ETH @@ 1269.59999 NXM

2019-10-12 04:51:13 Swap 0x15fa93b9a384a58fc359c7a0ceb9e97e209651c7f84e258435bd8933ea7f950f
    ; 0xfd61352232157815cf7b71045557192bf0ce1884  -20.881105121261 ETH
    ; 0x57757e3d981446d585af0d9ae4d7df6d64647806   20.881105121261 ETH
    ; 0x57757e3d981446d585af0d9ae4d7df6d64647806  -1269.59999 NXM
    ; 0x0000000000000000000000000000000000000000   1269.59999 NXM
    assets:patricioworthalter.eth    -1269.59999 NXM
    equity:conversion    1269.59999 NXM
    equity:conversion   -20.881105121261 ETH
    assets:patricioworthalter.eth  20.881105121261 ETH @@ 1269.59999 NXM

2019-10-12 04:52:44 Swap 0x972ae70406ab57904942de27bd0b7625dbd7e708d9ea96081b7361ebce1f5fd0
    ; 0xfd61352232157815cf7b71045557192bf0ce1884  -20.818883519488 ETH
    ; 0x57757e3d981446d585af0d9ae4d7df6d64647806   20.818883519488 ETH
    ; 0x57757e3d981446d585af0d9ae4d7df6d64647806  -1269.59999 NXM
    ; 0x0000000000000000000000000000000000000000   1269.59999 NXM
    assets:patricioworthalter.eth    -1269.59999 NXM
    equity:conversion    1269.59999 NXM
    equity:conversion   -20.818883519488 ETH
    assets:patricioworthalter.eth  20.818883519488 ETH @@ 1269.59999 NXM

2019-10-12 04:53:37 Swap 0x7128549c6dd608b20c95408586d694d98ea0a570da83944b4c692db18f5a81fd
    ; 0xfd61352232157815cf7b71045557192bf0ce1884  -20.755800543602 ETH
    ; 0x57757e3d981446d585af0d9ae4d7df6d64647806   20.755800543602 ETH
    ; 0x57757e3d981446d585af0d9ae4d7df6d64647806  -1269.59999 NXM
    ; 0x0000000000000000000000000000000000000000   1269.59999 NXM
    assets:patricioworthalter.eth    -1269.59999 NXM
    equity:conversion    1269.59999 NXM
    equity:conversion   -20.755800543602 ETH
    assets:patricioworthalter.eth  20.755800543602 ETH @@ 1269.59999 NXM

2019-10-12 04:54:28 Swap 0x0df453e4235ef7c19df98afc5247dc893627b0c29c2f180a542f8f3c94df470e
    ; 0xfd61352232157815cf7b71045557192bf0ce1884  -20.692642929139 ETH
    ; 0x57757e3d981446d585af0d9ae4d7df6d64647806   20.692642929139 ETH
    ; 0x57757e3d981446d585af0d9ae4d7df6d64647806  -1269.59999 NXM
    ; 0x0000000000000000000000000000000000000000   1269.59999 NXM
    assets:patricioworthalter.eth    -1269.59999 NXM
    equity:conversion    1269.59999 NXM
    equity:conversion   -20.692642929139 ETH
    assets:patricioworthalter.eth  20.692642929139 ETH @@ 1269.59999 NXM

2019-10-12 04:55:19 Swap 0x33fd363d3ebf1414db4a94e5c288b8959c6adb5fc846344c8e6eb7986b0b282a
    ; 0xfd61352232157815cf7b71045557192bf0ce1884  -20.631945395669 ETH
    ; 0x57757e3d981446d585af0d9ae4d7df6d64647806   20.631945395669 ETH
    ; 0x57757e3d981446d585af0d9ae4d7df6d64647806  -1269.59999 NXM
    ; 0x0000000000000000000000000000000000000000   1269.59999 NXM
    assets:patricioworthalter.eth    -1269.59999 NXM
    equity:conversion    1269.59999 NXM
    equity:conversion   -20.631945395669 ETH
    assets:patricioworthalter.eth  20.631945395669 ETH @@ 1269.59999 NXM

2019-10-12 04:56:58 Swap 0xf501dab1f707d892dbb535e502c45d1b9e47d8b11d43e3c2b2c1d6a577e0a0aa
    ; 0xfd61352232157815cf7b71045557192bf0ce1884  -20.571156314445 ETH
    ; 0x57757e3d981446d585af0d9ae4d7df6d64647806   20.571156314445 ETH
    ; 0x57757e3d981446d585af0d9ae4d7df6d64647806  -1269.59999 NXM
    ; 0x0000000000000000000000000000000000000000   1269.59999 NXM
    assets:patricioworthalter.eth    -1269.59999 NXM
    equity:conversion    1269.59999 NXM
    equity:conversion   -20.571156314445 ETH
    assets:patricioworthalter.eth  20.571156314445 ETH @@ 1269.59999 NXM

2019-10-12 04:57:55 Swap 0x15de7c7a5e92198d2ad1d1da34333a5f8d08f9a81a631e2885b50d085057cb21
    ; 0xfd61352232157815cf7b71045557192bf0ce1884  -20.509528456846 ETH
    ; 0x57757e3d981446d585af0d9ae4d7df6d64647806   20.509528456846 ETH
    ; 0x57757e3d981446d585af0d9ae4d7df6d64647806  -1269.59999 NXM
    ; 0x0000000000000000000000000000000000000000   1269.59999 NXM
    assets:patricioworthalter.eth    -1269.59999 NXM
    equity:conversion    1269.59999 NXM
    equity:conversion   -20.509528456846 ETH
    assets:patricioworthalter.eth  20.509528456846 ETH @@ 1269.59999 NXM

2019-10-12 04:59:26 Swap 0x9e2a9699c56e6271623aab08ef3a86d56ca983efb339d6a73cf3ecc13fe9a4b6
    ; 0xfd61352232157815cf7b71045557192bf0ce1884  -20.449881206635 ETH
    ; 0x57757e3d981446d585af0d9ae4d7df6d64647806   20.449881206635 ETH
    ; 0x57757e3d981446d585af0d9ae4d7df6d64647806  -1269.59999 NXM
    ; 0x0000000000000000000000000000000000000000   1269.59999 NXM
    assets:patricioworthalter.eth    -1269.59999 NXM
    equity:conversion    1269.59999 NXM
    equity:conversion   -20.449881206635 ETH
    assets:patricioworthalter.eth  20.449881206635 ETH @@ 1269.59999 NXM

2019-10-12 05:00:36 Swap 0x573d5ce16addbc010dbb337204f3b7f24ada30431ee396b039b0902a9774310f
    ; 0xfd61352232157815cf7b71045557192bf0ce1884  -20.390577399353 ETH
    ; 0x57757e3d981446d585af0d9ae4d7df6d64647806   20.390577399353 ETH
    ; 0x57757e3d981446d585af0d9ae4d7df6d64647806  -1269.59999 NXM
    ; 0x0000000000000000000000000000000000000000   1269.59999 NXM
    assets:patricioworthalter.eth    -1269.59999 NXM
    equity:conversion    1269.59999 NXM
    equity:conversion   -20.390577399353 ETH
    assets:patricioworthalter.eth  20.390577399353 ETH @@ 1269.59999 NXM

2019-10-12 05:01:30 Swap 0x11133abfd18bf17f06c4ed395244989de92bb1d638c72df935e4f068bb451c01
    ; 0xfd61352232157815cf7b71045557192bf0ce1884  -20.331615714123 ETH
    ; 0x57757e3d981446d585af0d9ae4d7df6d64647806   20.331615714123 ETH
    ; 0x57757e3d981446d585af0d9ae4d7df6d64647806  -1269.59999 NXM
    ; 0x0000000000000000000000000000000000000000   1269.59999 NXM
    assets:patricioworthalter.eth    -1269.59999 NXM
    equity:conversion    1269.59999 NXM
    equity:conversion   -20.331615714123 ETH
    assets:patricioworthalter.eth  20.331615714123 ETH @@ 1269.59999 NXM

2019-10-12 05:02:31 Swap 0x4c341d5406431637695f9271ada30700c922b7298d12b09309248b64a9ae22a3
    ; 0xfd61352232157815cf7b71045557192bf0ce1884  -20.272994832612 ETH
    ; 0x57757e3d981446d585af0d9ae4d7df6d64647806   20.272994832612 ETH
    ; 0x57757e3d981446d585af0d9ae4d7df6d64647806  -1269.59999 NXM
    ; 0x0000000000000000000000000000000000000000   1269.59999 NXM
    assets:patricioworthalter.eth    -1269.59999 NXM
    equity:conversion    1269.59999 NXM
    equity:conversion   -20.272994832612 ETH
    assets:patricioworthalter.eth  20.272994832612 ETH @@ 1269.59999 NXM

2019-10-12 05:03:17 Swap 0x5f5778bd4e27379eb3b04eefb2cf3d5d89f47944d2a47c71db0a3614d35a65e5
    ; 0xfd61352232157815cf7b71045557192bf0ce1884  -20.214713439031 ETH
    ; 0x57757e3d981446d585af0d9ae4d7df6d64647806   20.214713439031 ETH
    ; 0x57757e3d981446d585af0d9ae4d7df6d64647806  -1269.59999 NXM
    ; 0x0000000000000000000000000000000000000000   1269.59999 NXM
    assets:patricioworthalter.eth    -1269.59999 NXM
    equity:conversion    1269.59999 NXM
    equity:conversion   -20.214713439031 ETH
    assets:patricioworthalter.eth  20.214713439031 ETH @@ 1269.59999 NXM

2019-10-12 05:04:34 Swap 0x0289a3aad7b9aa5047a0439426928c67621438db16ea8712d99f1b0282788556
    ; 0xfd61352232157815cf7b71045557192bf0ce1884  -20.157191773016 ETH
    ; 0x57757e3d981446d585af0d9ae4d7df6d64647806   20.157191773016 ETH
    ; 0x57757e3d981446d585af0d9ae4d7df6d64647806  -1269.59999 NXM
    ; 0x0000000000000000000000000000000000000000   1269.59999 NXM
    assets:patricioworthalter.eth    -1269.59999 NXM
    equity:conversion    1269.59999 NXM
    equity:conversion   -20.157191773016 ETH
    assets:patricioworthalter.eth  20.157191773016 ETH @@ 1269.59999 NXM

2019-10-12 10:08:33 Swap 0xab3075e35f65086a13a63bde74fb800af049ca74f6276e0b3d07ef8c852f4c8c
    ; 0xfd61352232157815cf7b71045557192bf0ce1884  -15.604760932001 ETH
    ; 0x57757e3d981446d585af0d9ae4d7df6d64647806   15.604760932001 ETH
    ; 0x57757e3d981446d585af0d9ae4d7df6d64647806  -985.2 NXM
    ; 0x0000000000000000000000000000000000000000   985.2 NXM
    assets:patricioworthalter.eth    -985.2 NXM
    equity:conversion    985.2 NXM
    equity:conversion   -15.604760932001 ETH
    assets:patricioworthalter.eth  15.604760932001 ETH @@ 985.2 NXM

2019-10-12 10:09:38 Swap 0xde50b8015265363ff5f472374afcc58b3dfce4f64e25b015e383bb5c1ee50fa7
    ; 0xfd61352232157815cf7b71045557192bf0ce1884  -15.56945518548 ETH
    ; 0x57757e3d981446d585af0d9ae4d7df6d64647806   15.56945518548 ETH
    ; 0x57757e3d981446d585af0d9ae4d7df6d64647806  -985.2 NXM
    ; 0x0000000000000000000000000000000000000000   985.2 NXM
    assets:patricioworthalter.eth    -985.2 NXM
    equity:conversion    985.2 NXM
    equity:conversion   -15.56945518548 ETH
    assets:patricioworthalter.eth  15.56945518548 ETH @@ 985.2 NXM

2019-10-12 10:11:10 Swap 0x611da2e69987de10e5888f5a46ea09b035d6013c6eebb3eb2042d988ca6b145c
    ; 0xfd61352232157815cf7b71045557192bf0ce1884  -15.535837378872 ETH
    ; 0x57757e3d981446d585af0d9ae4d7df6d64647806   15.535837378872 ETH
    ; 0x57757e3d981446d585af0d9ae4d7df6d64647806  -985.2 NXM
    ; 0x0000000000000000000000000000000000000000   985.2 NXM
    assets:patricioworthalter.eth    -985.2 NXM
    equity:conversion    985.2 NXM
    equity:conversion   -15.535837378872 ETH
    assets:patricioworthalter.eth  15.535837378872 ETH @@ 985.2 NXM

2019-10-12 10:13:42 Swap 0xe76f33cd748081f95c545f8f4909667e239c1af344509f0fd59b457e961a7159
    ; 0xfd61352232157815cf7b71045557192bf0ce1884  -15.502368633143 ETH
    ; 0x57757e3d981446d585af0d9ae4d7df6d64647806   15.502368633143 ETH
    ; 0x57757e3d981446d585af0d9ae4d7df6d64647806  -985.2 NXM
    ; 0x0000000000000000000000000000000000000000   985.2 NXM
    assets:patricioworthalter.eth    -985.2 NXM
    equity:conversion    985.2 NXM
    equity:conversion   -15.502368633143 ETH
    assets:patricioworthalter.eth  15.502368633143 ETH @@ 985.2 NXM

2019-10-12 10:14:25 Swap 0xf479cd1dfc890b8648c8cda7b0de52755276353524281a25dedf6b708022d3e4
    ; 0xfd61352232157815cf7b71045557192bf0ce1884  -15.469048507018 ETH
    ; 0x57757e3d981446d585af0d9ae4d7df6d64647806   15.469048507018 ETH
    ; 0x57757e3d981446d585af0d9ae4d7df6d64647806  -985.2 NXM
    ; 0x0000000000000000000000000000000000000000   985.2 NXM
    assets:patricioworthalter.eth    -985.2 NXM
    equity:conversion    985.2 NXM
    equity:conversion   -15.469048507018 ETH
    assets:patricioworthalter.eth  15.469048507018 ETH @@ 985.2 NXM

2019-10-12 10:16:44 Swap 0x1071edc8ce4ce29cbe0046fd417af76ed50a47f794c6efb71888d19a86293115
    ; 0xfd61352232157815cf7b71045557192bf0ce1884  -15.435876559877 ETH
    ; 0x57757e3d981446d585af0d9ae4d7df6d64647806   15.435876559877 ETH
    ; 0x57757e3d981446d585af0d9ae4d7df6d64647806  -985.2 NXM
    ; 0x0000000000000000000000000000000000000000   985.2 NXM
    assets:patricioworthalter.eth    -985.2 NXM
    equity:conversion    985.2 NXM
    equity:conversion   -15.435876559877 ETH
    assets:patricioworthalter.eth  15.435876559877 ETH @@ 985.2 NXM

2019-10-12 10:18:04 Swap 0xafcfc33a3e230377297d12ff784cda0f5831e813ddcd578ec02184f03877da7a
    ; 0xfd61352232157815cf7b71045557192bf0ce1884  -15.402852351751 ETH
    ; 0x57757e3d981446d585af0d9ae4d7df6d64647806   15.402852351751 ETH
    ; 0x57757e3d981446d585af0d9ae4d7df6d64647806  -985.2 NXM
    ; 0x0000000000000000000000000000000000000000   985.2 NXM
    assets:patricioworthalter.eth    -985.2 NXM
    equity:conversion    985.2 NXM
    equity:conversion   -15.402852351751 ETH
    assets:patricioworthalter.eth  15.402852351751 ETH @@ 985.2 NXM

2019-10-12 10:19:21 Swap 0x37eb1349d5f138ec86360e4183456e7558b4e4498dde94171f8e83a43814beba
    ; 0xfd61352232157815cf7b71045557192bf0ce1884  -15.369975443329 ETH
    ; 0x57757e3d981446d585af0d9ae4d7df6d64647806   15.369975443329 ETH
    ; 0x57757e3d981446d585af0d9ae4d7df6d64647806  -985.2 NXM
    ; 0x0000000000000000000000000000000000000000   985.2 NXM
    assets:patricioworthalter.eth    -985.2 NXM
    equity:conversion    985.2 NXM
    equity:conversion   -15.369975443329 ETH
    assets:patricioworthalter.eth  15.369975443329 ETH @@ 985.2 NXM

2019-10-12 10:20:33 Swap 0xafdfd6c7d3b58c6c1cb48583230017d19bf2407300b7e055f555705dfee504d3
    ; 0xfd61352232157815cf7b71045557192bf0ce1884  -15.337245395952 ETH
    ; 0x57757e3d981446d585af0d9ae4d7df6d64647806   15.337245395952 ETH
    ; 0x57757e3d981446d585af0d9ae4d7df6d64647806  -985.2 NXM
    ; 0x0000000000000000000000000000000000000000   985.2 NXM
    assets:patricioworthalter.eth    -985.2 NXM
    equity:conversion    985.2 NXM
    equity:conversion   -15.337245395952 ETH
    assets:patricioworthalter.eth  15.337245395952 ETH @@ 985.2 NXM

2019-10-12 10:21:29 Swap 0xd121a9b4efa3e4efcfce5b976072d0d24cf65ae1ddee4e139261026d73aa2ab5
    ; 0xfd61352232157815cf7b71045557192bf0ce1884  -15.3061396751 ETH
    ; 0x57757e3d981446d585af0d9ae4d7df6d64647806   15.3061396751 ETH
    ; 0x57757e3d981446d585af0d9ae4d7df6d64647806  -985.2 NXM
    ; 0x0000000000000000000000000000000000000000   985.2 NXM
    assets:patricioworthalter.eth    -985.2 NXM
    equity:conversion    985.2 NXM
    equity:conversion   -15.3061396751 ETH
    assets:patricioworthalter.eth  15.3061396751 ETH @@ 985.2 NXM

2019-10-12 10:22:41 Swap 0x3d4ce16fd05b924bdeebfa47ea53d21974c9d77a0a623239d8e94899b7109ccf
    ; 0xfd61352232157815cf7b71045557192bf0ce1884  -15.273695410219 ETH
    ; 0x57757e3d981446d585af0d9ae4d7df6d64647806   15.273695410219 ETH
    ; 0x57757e3d981446d585af0d9ae4d7df6d64647806  -985.2 NXM
    ; 0x0000000000000000000000000000000000000000   985.2 NXM
    assets:patricioworthalter.eth    -985.2 NXM
    equity:conversion    985.2 NXM
    equity:conversion   -15.273695410219 ETH
    assets:patricioworthalter.eth  15.273695410219 ETH @@ 985.2 NXM

2019-10-12 10:24:01 Swap 0xc25646f8735557ea6b5b470de55b5560a3f6612531371c22636acfcb9f135286
    ; 0xfd61352232157815cf7b71045557192bf0ce1884  -15.241396714168 ETH
    ; 0x57757e3d981446d585af0d9ae4d7df6d64647806   15.241396714168 ETH
    ; 0x57757e3d981446d585af0d9ae4d7df6d64647806  -985.2 NXM
    ; 0x0000000000000000000000000000000000000000   985.2 NXM
    assets:patricioworthalter.eth    -985.2 NXM
    equity:conversion    985.2 NXM
    equity:conversion   -15.241396714168 ETH
    assets:patricioworthalter.eth  15.241396714168 ETH @@ 985.2 NXM

2019-10-12 10:25:35 Swap 0x4dd49078c8969e53d62f67dfac73a58760a675ec3403b78e336859ac3b4df967
    ; 0xfd61352232157815cf7b71045557192bf0ce1884  -15.209243150874 ETH
    ; 0x57757e3d981446d585af0d9ae4d7df6d64647806   15.209243150874 ETH
    ; 0x57757e3d981446d585af0d9ae4d7df6d64647806  -985.2 NXM
    ; 0x0000000000000000000000000000000000000000   985.2 NXM
    assets:patricioworthalter.eth    -985.2 NXM
    equity:conversion    985.2 NXM
    equity:conversion   -15.209243150874 ETH
    assets:patricioworthalter.eth  15.209243150874 ETH @@ 985.2 NXM

2019-10-12 10:26:12 Swap 0x0a72d84d00b8c62f4f8848c39d90b12120bd087a7da6c3bbf711e7587e8b86db
    ; 0xfd61352232157815cf7b71045557192bf0ce1884  -15.178686100425 ETH
    ; 0x57757e3d981446d585af0d9ae4d7df6d64647806   15.178686100425 ETH
    ; 0x57757e3d981446d585af0d9ae4d7df6d64647806  -985.2 NXM
    ; 0x0000000000000000000000000000000000000000   985.2 NXM
    assets:patricioworthalter.eth    -985.2 NXM
    equity:conversion    985.2 NXM
    equity:conversion   -15.178686100425 ETH
    assets:patricioworthalter.eth  15.178686100425 ETH @@ 985.2 NXM

2019-10-12 10:27:40 Swap 0x7226f9b5d0ed30b9c23dd1d997e0a052f4a509cef9a1981608bd230f0fd73ec9
    ; 0xfd61352232157815cf7b71045557192bf0ce1884  -15.14681494908 ETH
    ; 0x57757e3d981446d585af0d9ae4d7df6d64647806   15.14681494908 ETH
    ; 0x57757e3d981446d585af0d9ae4d7df6d64647806  -985.2 NXM
    ; 0x0000000000000000000000000000000000000000   985.2 NXM
    assets:patricioworthalter.eth    -985.2 NXM
    equity:conversion    985.2 NXM
    equity:conversion   -15.14681494908 ETH
    assets:patricioworthalter.eth  15.14681494908 ETH @@ 985.2 NXM

2019-10-12 10:29:02 Swap 0xbb22295214f1f79f91d433a5cb5db01dcf73cac1ed2de9074b944bdd29efc217
    ; 0xfd61352232157815cf7b71045557192bf0ce1884  -15.115087645921 ETH
    ; 0x57757e3d981446d585af0d9ae4d7df6d64647806   15.115087645921 ETH
    ; 0x57757e3d981446d585af0d9ae4d7df6d64647806  -985.2 NXM
    ; 0x0000000000000000000000000000000000000000   985.2 NXM
    assets:patricioworthalter.eth    -985.2 NXM
    equity:conversion    985.2 NXM
    equity:conversion   -15.115087645921 ETH
    assets:patricioworthalter.eth  15.115087645921 ETH @@ 985.2 NXM

2019-10-12 10:30:21 Swap 0x16d7a93988599bb1af5214ebdb48a7ffa7b9eb6e4dd20ee726df82e16438b713
    ; 0xfd61352232157815cf7b71045557192bf0ce1884  -15.084936283606 ETH
    ; 0x57757e3d981446d585af0d9ae4d7df6d64647806   15.084936283606 ETH
    ; 0x57757e3d981446d585af0d9ae4d7df6d64647806  -985.2 NXM
    ; 0x0000000000000000000000000000000000000000   985.2 NXM
    assets:patricioworthalter.eth    -985.2 NXM
    equity:conversion    985.2 NXM
    equity:conversion   -15.084936283606 ETH
    assets:patricioworthalter.eth  15.084936283606 ETH @@ 985.2 NXM

2019-10-12 10:48:55 Swap 0x42a7f68cd9e23d873061d080f13fad4a814497cee3b7033bb4a0323d5a1f9f46
    ; 0xfd61352232157815cf7b71045557192bf0ce1884  -15.053488887221 ETH
    ; 0x57757e3d981446d585af0d9ae4d7df6d64647806   15.053488887221 ETH
    ; 0x57757e3d981446d585af0d9ae4d7df6d64647806  -985.2 NXM
    ; 0x0000000000000000000000000000000000000000   985.2 NXM
    assets:patricioworthalter.eth    -985.2 NXM
    equity:conversion    985.2 NXM
    equity:conversion   -15.053488887221 ETH
    assets:patricioworthalter.eth  15.053488887221 ETH @@ 985.2 NXM

2019-10-12 11:02:14 Swap 0x8c3be7eaba53c316e761adf7ef2ca564e835c8f24f8c14a6d03288f809b93426
    ; 0xfd61352232157815cf7b71045557192bf0ce1884  -15.023603920016 ETH
    ; 0x57757e3d981446d585af0d9ae4d7df6d64647806   15.023603920016 ETH
    ; 0x57757e3d981446d585af0d9ae4d7df6d64647806  -985.2 NXM
    ; 0x0000000000000000000000000000000000000000   985.2 NXM
    assets:patricioworthalter.eth    -985.2 NXM
    equity:conversion    985.2 NXM
    equity:conversion   -15.023603920016 ETH
    assets:patricioworthalter.eth  15.023603920016 ETH @@ 985.2 NXM

2019-10-12 11:03:53 Swap 0x0bf475c9fa785b8cd98f56f098aec1fb16415fdffbb2630e18cc07f51ee89b41
    ; 0xfd61352232157815cf7b71045557192bf0ce1884  -14.993848480496 ETH
    ; 0x57757e3d981446d585af0d9ae4d7df6d64647806   14.993848480496 ETH
    ; 0x57757e3d981446d585af0d9ae4d7df6d64647806  -985.2 NXM
    ; 0x0000000000000000000000000000000000000000   985.2 NXM
    assets:patricioworthalter.eth    -985.2 NXM
    equity:conversion    985.2 NXM
    equity:conversion   -14.993848480496 ETH
    assets:patricioworthalter.eth  14.993848480496 ETH @@ 985.2 NXM

2019-10-12 11:05:27 Swap 0xd9653b4dafd5e1299559aa98c99ea22824331be80b53f758f886079bf63be124
    ; 0xfd61352232157815cf7b71045557192bf0ce1884  -14.962814633422 ETH
    ; 0x57757e3d981446d585af0d9ae4d7df6d64647806   14.962814633422 ETH
    ; 0x57757e3d981446d585af0d9ae4d7df6d64647806  -985.2 NXM
    ; 0x0000000000000000000000000000000000000000   985.2 NXM
    assets:patricioworthalter.eth    -985.2 NXM
    equity:conversion    985.2 NXM
    equity:conversion   -14.962814633422 ETH
    assets:patricioworthalter.eth  14.962814633422 ETH @@ 985.2 NXM

2019-10-12 11:07:36 Swap 0x45d5e713cee4dbe468916d444f55960e0eb2d7ea39f3748b1058b3ab920df758
    ; 0xfd61352232157815cf7b71045557192bf0ce1884  -14.933323248376 ETH
    ; 0x57757e3d981446d585af0d9ae4d7df6d64647806   14.933323248376 ETH
    ; 0x57757e3d981446d585af0d9ae4d7df6d64647806  -985.2 NXM
    ; 0x0000000000000000000000000000000000000000   985.2 NXM
    assets:patricioworthalter.eth    -985.2 NXM
    equity:conversion    985.2 NXM
    equity:conversion   -14.933323248376 ETH
    assets:patricioworthalter.eth  14.933323248376 ETH @@ 985.2 NXM

2019-10-15 02:06:28 Swap 0xc4a8dda9981a0a1a5826c49dea86ba38c0ddc290f39fa16ee3dbebd1e36045f8
    ; 0xfd61352232157815cf7b71045557192bf0ce1884  -13.457955002739 ETH
    ; 0x57757e3d981446d585af0d9ae4d7df6d64647806   13.457955002739 ETH
    ; 0x57757e3d981446d585af0d9ae4d7df6d64647806  -884.6 NXM
    ; 0x0000000000000000000000000000000000000000   884.6 NXM
    assets:patricioworthalter.eth    -884.6 NXM
    equity:conversion    884.6 NXM
    equity:conversion   -13.457955002739 ETH
    assets:patricioworthalter.eth  13.457955002739 ETH @@ 884.6 NXM

2019-10-15 02:13:16 Swap 0x53958bb554ee50161eacd53e05921daeae4b458505dfadd3546cb5f8a02ac807
    ; 0xfd61352232157815cf7b71045557192bf0ce1884  -13.432637760935 ETH
    ; 0x57757e3d981446d585af0d9ae4d7df6d64647806   13.432637760935 ETH
    ; 0x57757e3d981446d585af0d9ae4d7df6d64647806  -884.6 NXM
    ; 0x0000000000000000000000000000000000000000   884.6 NXM
    assets:patricioworthalter.eth    -884.6 NXM
    equity:conversion    884.6 NXM
    equity:conversion   -13.432637760935 ETH
    assets:patricioworthalter.eth  13.432637760935 ETH @@ 884.6 NXM

2019-10-15 02:14:50 0x95e3c50b 0x15a90b17a68536f3670b4447af68ca4ca320d124497ee0c3b11a65bb4bcca3c9
    ; 0xe9cf7887b93150d4f2da7dfc6d502b216438f244  -9.958048622715 ETH
    ; 0x57757e3d981446d585af0d9ae4d7df6d64647806   9.958048622715 ETH
    ; 0x57757e3d981446d585af0d9ae4d7df6d64647806  -10 SETH
    ; 0xe9cf7887b93150d4f2da7dfc6d502b216438f244   10 SETH
    0xe9cf7887b93150d4f2da7dfc6d502b216438f244  -9.958048622715 ETH
    0xe9cf7887b93150d4f2da7dfc6d502b216438f244  10 SETH
    assets:patricioworthalter.eth  9.958048622715 ETH
    assets:patricioworthalter.eth  -10 SETH

2019-10-15 02:17:39 Swap 0x1a6e457979e9edb09e8a56583f2c94625db794ba583f27b1742882859fb397d5
    ; 0xfd61352232157815cf7b71045557192bf0ce1884  -13.408683494087 ETH
    ; 0x57757e3d981446d585af0d9ae4d7df6d64647806   13.408683494087 ETH
    ; 0x57757e3d981446d585af0d9ae4d7df6d64647806  -884.6 NXM
    ; 0x0000000000000000000000000000000000000000   884.6 NXM
    assets:patricioworthalter.eth    -884.6 NXM
    equity:conversion    884.6 NXM
    equity:conversion   -13.408683494087 ETH
    assets:patricioworthalter.eth  13.408683494087 ETH @@ 884.6 NXM

